,bid,size
2018-10-01 00:00:01.196000+00:00,26598.0,30.0
2018-10-01 00:00:05.761000+00:00,26599.0,15.0
2018-10-01 00:00:07.514000+00:00,26598.0,15.0
2018-10-01 00:00:07.866000+00:00,26597.0,31.0
2018-10-01 00:00:08.218000+00:00,26595.0,31.0
2018-10-01 00:00:08.919000+00:00,26596.0,15.0
2018-10-01 00:00:12.076000+00:00,26595.0,20.0
2018-10-01 00:00:14.180000+00:00,26594.0,31.0
2018-10-01 00:00:14.884000+00:00,26595.0,31.0
2018-10-01 00:00:18.742000+00:00,26594.0,31.0
2018-10-01 00:00:20.849000+00:00,26595.0,15.0
2018-10-01 00:00:22.603000+00:00,26594.0,25.0
2018-10-01 00:00:24.006000+00:00,26595.0,15.0
2018-10-01 00:00:28.563000+00:00,26596.0,15.0
2018-10-01 00:00:29.617000+00:00,26595.0,25.0
2018-10-01 00:00:33.824000+00:00,26594.0,25.0
2018-10-01 00:00:48.906000+00:00,26595.0,15.0
2018-10-01 00:01:09.600000+00:00,26596.0,15.0
2018-10-01 00:01:20.472000+00:00,26597.0,15.0
2018-10-01 00:01:30.290000+00:00,26598.0,15.0
2018-10-01 00:01:30.991000+00:00,26597.0,31.0
2018-10-01 00:01:38.356000+00:00,26598.0,30.0
2018-10-01 00:01:39.058000+00:00,26597.0,31.0
2018-10-01 00:02:05.354000+00:00,26596.0,31.0
2018-10-01 00:02:07.112000+00:00,26594.0,30.0
2018-10-01 00:02:10.618000+00:00,26595.0,15.0
2018-10-01 00:02:10.968000+00:00,26594.0,31.0
2018-10-01 00:02:11.670000+00:00,26595.0,25.0
2018-10-01 00:02:15.176000+00:00,26594.0,31.0
2018-10-01 00:02:28.146000+00:00,26595.0,15.0
2018-10-01 00:02:29.898000+00:00,26596.0,15.0
2018-10-01 00:02:30.249000+00:00,26595.0,30.0
2018-10-01 00:02:32.352000+00:00,26596.0,15.0
2018-10-01 00:02:32.703000+00:00,26597.0,15.0
2018-10-01 00:02:35.157000+00:00,26598.0,15.0
2018-10-01 00:02:41.467000+00:00,26597.0,25.0
2018-10-01 00:02:47.427000+00:00,26598.0,30.0
2018-10-01 00:02:56.891000+00:00,26597.0,31.0
2018-10-01 00:03:01.100000+00:00,26596.0,31.0
2018-10-01 00:03:02.855000+00:00,26595.0,15.0
2018-10-01 00:03:14.776000+00:00,26592.0,15.0
2018-10-01 00:03:23.541000+00:00,26591.0,30.0
2018-10-01 00:03:26.345000+00:00,26592.0,30.0
2018-10-01 00:03:27.397000+00:00,26591.0,20.0
2018-10-01 00:03:36.519000+00:00,26590.0,31.0
2018-10-01 00:03:37.572000+00:00,26591.0,15.0
2018-10-01 00:03:38.625000+00:00,26590.0,31.0
2018-10-01 00:03:42.133000+00:00,26589.0,15.0
2018-10-01 00:03:47.741000+00:00,26588.0,31.0
2018-10-01 00:03:48.443000+00:00,26589.0,15.0
2018-10-01 00:03:49.144000+00:00,26588.0,31.0
2018-10-01 00:03:49.495000+00:00,26589.0,25.0
2018-10-01 00:03:50.547000+00:00,26588.0,31.0
2018-10-01 00:03:51.249000+00:00,26589.0,25.0
2018-10-01 00:03:51.952000+00:00,26588.0,25.0
2018-10-01 00:03:53.354000+00:00,26589.0,25.0
2018-10-01 00:04:00.367000+00:00,26590.0,20.0
2018-10-01 00:04:01.069000+00:00,26591.0,15.0
2018-10-01 00:04:01.770000+00:00,26592.0,15.0
2018-10-01 00:04:03.523000+00:00,26591.0,31.0
2018-10-01 00:04:06.681000+00:00,26590.0,30.0
2018-10-01 00:04:07.382000+00:00,26591.0,15.0
2018-10-01 00:04:08.083000+00:00,26590.0,31.0
2018-10-01 00:04:15.095000+00:00,26591.0,15.0
2018-10-01 00:04:15.797000+00:00,26590.0,31.0
2018-10-01 00:04:16.497000+00:00,26591.0,15.0
2018-10-01 00:04:17.197000+00:00,26590.0,31.0
2018-10-01 00:04:31.919000+00:00,26589.0,30.0
2018-10-01 00:04:32.621000+00:00,26590.0,15.0
2018-10-01 00:04:35.073000+00:00,26589.0,31.0
2018-10-01 00:04:39.281000+00:00,26590.0,15.0
2018-10-01 00:04:39.631000+00:00,26589.0,31.0
2018-10-01 00:04:39.981000+00:00,26590.0,15.0
2018-10-01 00:04:40.332000+00:00,26589.0,31.0
2018-10-01 00:04:49.448000+00:00,26590.0,15.0
2018-10-01 00:04:49.798000+00:00,26589.0,31.0
2018-10-01 00:04:57.512000+00:00,26588.0,31.0
2018-10-01 00:04:57.865000+00:00,26589.0,15.0
2018-10-01 00:05:06.636000+00:00,26588.0,31.0
2018-10-01 00:05:11.544000+00:00,26587.0,31.0
2018-10-01 00:05:13.298000+00:00,26586.0,25.0
2018-10-01 00:05:17.508000+00:00,26587.0,15.0
2018-10-01 00:05:18.560000+00:00,26586.0,30.0
2018-10-01 00:05:18.910000+00:00,26587.0,15.0
2018-10-01 00:05:19.613000+00:00,26588.0,15.0
2018-10-01 00:05:20.316000+00:00,26587.0,31.0
2018-10-01 00:05:22.422000+00:00,26586.0,25.0
2018-10-01 00:05:22.772000+00:00,26585.0,31.0
2018-10-01 00:05:32.243000+00:00,26586.0,20.0
2018-10-01 00:05:35.052000+00:00,26587.0,15.0
2018-10-01 00:05:36.105000+00:00,26586.0,30.0
2018-10-01 00:05:40.665000+00:00,26585.0,30.0
2018-10-01 00:05:41.369000+00:00,26586.0,15.0
2018-10-01 00:05:42.421000+00:00,26587.0,15.0
2018-10-01 00:05:48.392000+00:00,26586.0,30.0
2018-10-01 00:05:49.444000+00:00,26587.0,15.0
2018-10-01 00:05:55.065000+00:00,26586.0,30.0
2018-10-01 00:05:56.116000+00:00,26587.0,30.0
2018-10-01 00:05:59.976000+00:00,26588.0,30.0
2018-10-01 00:06:16.128000+00:00,26587.0,30.0
2018-10-01 00:06:16.480000+00:00,26588.0,15.0
2018-10-01 00:06:28.417000+00:00,26589.0,15.0
2018-10-01 00:06:29.822000+00:00,26588.0,30.0
2018-10-01 00:06:34.383000+00:00,26589.0,15.0
2018-10-01 00:06:37.192000+00:00,26588.0,15.0
2018-10-01 00:06:38.949000+00:00,26589.0,15.0
2018-10-01 00:06:41.406000+00:00,26588.0,30.0
2018-10-01 00:07:16.846000+00:00,26589.0,15.0
2018-10-01 00:07:17.549000+00:00,26590.0,15.0
2018-10-01 00:07:18.602000+00:00,26591.0,15.0
2018-10-01 00:07:19.657000+00:00,26592.0,15.0
2018-10-01 00:07:20.358000+00:00,26591.0,31.0
2018-10-01 00:07:21.060000+00:00,26592.0,31.0
2018-10-01 00:07:24.219000+00:00,26593.0,25.0
2018-10-01 00:07:25.623000+00:00,26594.0,15.0
2018-10-01 00:07:26.327000+00:00,26593.0,25.0
2018-10-01 00:07:29.134000+00:00,26592.0,31.0
2018-10-01 00:07:29.836000+00:00,26593.0,15.0
2018-10-01 00:07:31.240000+00:00,26592.0,31.0
2018-10-01 00:07:32.994000+00:00,26593.0,15.0
2018-10-01 00:07:37.203000+00:00,26594.0,15.0
2018-10-01 00:07:38.606000+00:00,26593.0,31.0
2018-10-01 00:07:40.009000+00:00,26594.0,20.0
2018-10-01 00:07:40.710000+00:00,26593.0,31.0
2018-10-01 00:07:45.268000+00:00,26592.0,31.0
2018-10-01 00:07:51.232000+00:00,26593.0,25.0
2018-10-01 00:07:51.933000+00:00,26592.0,31.0
2018-10-01 00:07:55.088000+00:00,26593.0,15.0
2018-10-01 00:07:56.491000+00:00,26592.0,31.0
2018-10-01 00:07:57.546000+00:00,26593.0,31.0
2018-10-01 00:07:58.600000+00:00,26594.0,15.0
2018-10-01 00:08:00.355000+00:00,26595.0,15.0
2018-10-01 00:08:04.214000+00:00,26596.0,15.0
2018-10-01 00:08:04.915000+00:00,26595.0,30.0
2018-10-01 00:08:07.724000+00:00,26596.0,15.0
2018-10-01 00:08:10.180000+00:00,26595.0,15.0
2018-10-01 00:08:13.686000+00:00,26594.0,31.0
2018-10-01 00:08:19.651000+00:00,26595.0,15.0
2018-10-01 00:08:27.719000+00:00,26596.0,30.0
2018-10-01 00:08:33.682000+00:00,26595.0,31.0
2018-10-01 00:08:40.695000+00:00,26594.0,31.0
2018-10-01 00:08:55.068000+00:00,26595.0,15.0
2018-10-01 00:08:55.768000+00:00,26594.0,31.0
2018-10-01 00:08:56.119000+00:00,26595.0,15.0
2018-10-01 00:08:56.471000+00:00,26594.0,31.0
2018-10-01 00:09:04.539000+00:00,26595.0,25.0
2018-10-01 00:09:09.447000+00:00,26596.0,15.0
2018-10-01 00:09:09.797000+00:00,26595.0,30.0
2018-10-01 00:09:10.499000+00:00,26596.0,15.0
2018-10-01 00:09:11.201000+00:00,26595.0,30.0
2018-10-01 00:09:15.761000+00:00,26594.0,31.0
2018-10-01 00:09:16.464000+00:00,26595.0,15.0
2018-10-01 00:09:43.130000+00:00,26593.0,30.0
2018-10-01 00:09:58.201000+00:00,26594.0,30.0
2018-10-01 00:10:00.304000+00:00,26595.0,30.0
2018-10-01 00:10:04.517000+00:00,26596.0,20.0
2018-10-01 00:10:05.569000+00:00,26595.0,30.0
2018-10-01 00:10:06.270000+00:00,26596.0,15.0
2018-10-01 00:10:08.026000+00:00,26597.0,15.0
2018-10-01 00:10:15.741000+00:00,26598.0,15.0
2018-10-01 00:10:20.302000+00:00,26597.0,31.0
2018-10-01 00:10:23.812000+00:00,26598.0,15.0
2018-10-01 00:10:24.163000+00:00,26597.0,31.0
2018-10-01 00:10:43.108000+00:00,26598.0,15.0
2018-10-01 00:10:44.512000+00:00,26597.0,31.0
2018-10-01 00:10:48.368000+00:00,26598.0,15.0
2018-10-01 00:11:03.798000+00:00,26599.0,15.0
2018-10-01 00:11:06.608000+00:00,26600.0,15.0
2018-10-01 00:11:11.522000+00:00,26601.0,15.0
2018-10-01 00:11:12.924000+00:00,26600.0,31.0
2018-10-01 00:11:25.904000+00:00,26598.0,25.0
2018-10-01 00:11:28.710000+00:00,26597.0,25.0
2018-10-01 00:11:30.113000+00:00,26596.0,30.0
2018-10-01 00:11:30.814000+00:00,26597.0,15.0
2018-10-01 00:11:32.918000+00:00,26596.0,15.0
2018-10-01 00:11:35.722000+00:00,26597.0,15.0
2018-10-01 00:11:42.029000+00:00,26596.0,30.0
2018-10-01 00:11:49.037000+00:00,26597.0,15.0
2018-10-01 00:11:54.647000+00:00,26596.0,25.0
2018-10-01 00:12:00.253000+00:00,26597.0,15.0
2018-10-01 00:12:00.954000+00:00,26596.0,30.0
2018-10-01 00:12:07.613000+00:00,26598.0,15.0
2018-10-01 00:12:09.721000+00:00,26599.0,15.0
2018-10-01 00:12:11.476000+00:00,26600.0,15.0
2018-10-01 00:12:20.243000+00:00,26599.0,20.0
2018-10-01 00:12:20.594000+00:00,26598.0,30.0
2018-10-01 00:12:22+00:00,26597.0,31.0
2018-10-01 00:12:24.453000+00:00,26596.0,30.0
2018-10-01 00:12:46.188000+00:00,26597.0,30.0
2018-10-01 00:12:48.292000+00:00,26596.0,30.0
2018-10-01 00:12:52.852000+00:00,26595.0,31.0
2018-10-01 00:12:54.605000+00:00,26596.0,20.0
2018-10-01 00:12:57.762000+00:00,26597.0,15.0
2018-10-01 00:13:00.917000+00:00,26598.0,15.0
2018-10-01 00:13:04.430000+00:00,26599.0,15.0
2018-10-01 00:13:17.055000+00:00,26598.0,31.0
2018-10-01 00:13:21.264000+00:00,26599.0,15.0
2018-10-01 00:13:26.524000+00:00,26598.0,31.0
2018-10-01 00:13:28.279000+00:00,26600.0,15.0
2018-10-01 00:13:30.731000+00:00,26601.0,15.0
2018-10-01 00:13:31.082000+00:00,26600.0,31.0
2018-10-01 00:13:31.783000+00:00,26601.0,15.0
2018-10-01 00:13:34.591000+00:00,26600.0,31.0
2018-10-01 00:13:36.344000+00:00,26601.0,15.0
2018-10-01 00:13:36.696000+00:00,26600.0,31.0
2018-10-01 00:13:50.027000+00:00,26601.0,15.0
2018-10-01 00:13:50.378000+00:00,26600.0,25.0
2018-10-01 00:13:51.080000+00:00,26601.0,15.0
2018-10-01 00:13:53.532000+00:00,26600.0,30.0
2018-10-01 00:13:53.883000+00:00,26601.0,15.0
2018-10-01 00:13:55.637000+00:00,26600.0,30.0
2018-10-01 00:13:58.793000+00:00,26601.0,15.0
2018-10-01 00:14:03.001000+00:00,26602.0,15.0
2018-10-01 00:14:03.351000+00:00,26600.0,31.0
2018-10-01 00:14:13.874000+00:00,26601.0,15.0
2018-10-01 00:14:17.382000+00:00,26602.0,15.0
2018-10-01 00:14:18.788000+00:00,26601.0,31.0
2018-10-01 00:14:19.138000+00:00,26602.0,15.0
2018-10-01 00:14:27.553000+00:00,26603.0,15.0
2018-10-01 00:14:33.168000+00:00,26602.0,15.0
2018-10-01 00:14:34.925000+00:00,26603.0,15.0
2018-10-01 00:14:35.275000+00:00,26602.0,30.0
2018-10-01 00:14:44.396000+00:00,26603.0,15.0
2018-10-01 00:14:47.201000+00:00,26602.0,25.0
2018-10-01 00:14:47.555000+00:00,26601.0,25.0
2018-10-01 00:14:50.011000+00:00,26600.0,31.0
2018-10-01 00:15:01.240000+00:00,26601.0,31.0
2018-10-01 00:15:06.150000+00:00,26600.0,31.0
2018-10-01 00:15:14.567000+00:00,26601.0,15.0
2018-10-01 00:15:25.788000+00:00,26600.0,31.0
2018-10-01 00:15:36.304000+00:00,26598.0,31.0
2018-10-01 00:15:44.718000+00:00,26597.0,31.0
2018-10-01 00:15:47.170000+00:00,26598.0,15.0
2018-10-01 00:15:48.223000+00:00,26597.0,31.0
2018-10-01 00:15:51.733000+00:00,26598.0,15.0
2018-10-01 00:16:01.553000+00:00,26600.0,15.0
2018-10-01 00:16:11.370000+00:00,26599.0,31.0
2018-10-01 00:16:14.872000+00:00,26600.0,15.0
2018-10-01 00:16:16.625000+00:00,26599.0,31.0
2018-10-01 00:16:20.129000+00:00,26600.0,15.0
2018-10-01 00:16:21.531000+00:00,26599.0,31.0
2018-10-01 00:16:23.633000+00:00,26600.0,15.0
2018-10-01 00:16:27.845000+00:00,26601.0,15.0
2018-10-01 00:16:45.381000+00:00,26600.0,31.0
2018-10-01 00:16:55.899000+00:00,26599.0,31.0
2018-10-01 00:16:58.350000+00:00,26600.0,15.0
2018-10-01 00:17:03.258000+00:00,26601.0,15.0
2018-10-01 00:17:12.726000+00:00,26602.0,15.0
2018-10-01 00:17:13.427000+00:00,26601.0,15.0
2018-10-01 00:17:17.984000+00:00,26602.0,15.0
2018-10-01 00:17:19.035000+00:00,26601.0,31.0
2018-10-01 00:17:20.792000+00:00,26602.0,15.0
2018-10-01 00:17:29.203000+00:00,26601.0,31.0
2018-10-01 00:17:41.118000+00:00,26602.0,30.0
2018-10-01 00:17:41.468000+00:00,26603.0,15.0
2018-10-01 00:17:49.877000+00:00,26602.0,30.0
2018-10-01 00:17:51.629000+00:00,26601.0,31.0
2018-10-01 00:17:54.431000+00:00,26602.0,15.0
2018-10-01 00:18:06.001000+00:00,26600.0,25.0
2018-10-01 00:18:17.567000+00:00,26601.0,25.0
2018-10-01 00:18:19.319000+00:00,26600.0,31.0
2018-10-01 00:18:24.228000+00:00,26601.0,15.0
2018-10-01 00:18:24.580000+00:00,26600.0,30.0
2018-10-01 00:18:28.784000+00:00,26601.0,15.0
2018-10-01 00:18:29.835000+00:00,26600.0,31.0
2018-10-01 00:18:30.536000+00:00,26601.0,15.0
2018-10-01 00:18:31.587000+00:00,26600.0,31.0
2018-10-01 00:18:37.897000+00:00,26599.0,31.0
2018-10-01 00:18:46.309000+00:00,26600.0,15.0
2018-10-01 00:18:48.060000+00:00,26599.0,30.0
2018-10-01 00:18:51.615000+00:00,26600.0,20.0
2018-10-01 00:18:51.966000+00:00,26599.0,20.0
2018-10-01 00:18:56.872000+00:00,26598.0,20.0
2018-10-01 00:19:09.838000+00:00,26600.0,15.0
2018-10-01 00:19:24.218000+00:00,26599.0,20.0
2018-10-01 00:19:30.182000+00:00,26598.0,31.0
2018-10-01 00:19:32.985000+00:00,26599.0,15.0
2018-10-01 00:19:34.737000+00:00,26598.0,30.0
2018-10-01 00:19:43.146000+00:00,26599.0,15.0
2018-10-01 00:19:44.549000+00:00,26598.0,30.0
2018-10-01 00:19:54.715000+00:00,26599.0,15.0
2018-10-01 00:20:01.026000+00:00,26598.0,31.0
2018-10-01 00:20:04.536000+00:00,26599.0,15.0
2018-10-01 00:20:10.145000+00:00,26598.0,30.0
2018-10-01 00:20:12.248000+00:00,26597.0,30.0
2018-10-01 00:20:31.181000+00:00,26596.0,31.0
2018-10-01 00:20:35.385000+00:00,26597.0,15.0
2018-10-01 00:20:44.848000+00:00,26598.0,15.0
2018-10-01 00:20:53.958000+00:00,26599.0,15.0
2018-10-01 00:20:55.011000+00:00,26598.0,15.0
2018-10-01 00:20:55.710000+00:00,26597.0,31.0
2018-10-01 00:21:08.675000+00:00,26598.0,15.0
2018-10-01 00:21:16.036000+00:00,26599.0,15.0
2018-10-01 00:21:21.292000+00:00,26600.0,15.0
2018-10-01 00:21:21.642000+00:00,26599.0,20.0
2018-10-01 00:21:23.045000+00:00,26600.0,15.0
2018-10-01 00:21:25.849000+00:00,26599.0,25.0
2018-10-01 00:21:31.105000+00:00,26598.0,25.0
2018-10-01 00:21:40.917000+00:00,26599.0,15.0
2018-10-01 00:21:42.669000+00:00,26598.0,30.0
2018-10-01 00:21:47.227000+00:00,26599.0,15.0
2018-10-01 00:21:48.278000+00:00,26598.0,31.0
2018-10-01 00:21:48.979000+00:00,26599.0,31.0
2018-10-01 00:21:49.330000+00:00,26600.0,15.0
2018-10-01 00:21:58.793000+00:00,26599.0,25.0
2018-10-01 00:22:00.548000+00:00,26600.0,15.0
2018-10-01 00:22:36.299000+00:00,26601.0,25.0
2018-10-01 00:22:46.110000+00:00,26600.0,30.0
2018-10-01 00:22:47.512000+00:00,26601.0,20.0
2018-10-01 00:22:49.265000+00:00,26600.0,30.0
2018-10-01 00:22:50.315000+00:00,26601.0,20.0
2018-10-01 00:22:53.122000+00:00,26600.0,30.0
2018-10-01 00:22:55.925000+00:00,26601.0,20.0
2018-10-01 00:23:06.801000+00:00,26602.0,15.0
2018-10-01 00:23:15.916000+00:00,26601.0,25.0
2018-10-01 00:23:21.525000+00:00,26602.0,15.0
2018-10-01 00:23:25.379000+00:00,26601.0,30.0
2018-10-01 00:23:43.963000+00:00,26602.0,15.0
2018-10-01 00:23:46.769000+00:00,26601.0,31.0
2018-10-01 00:23:53.784000+00:00,26602.0,20.0
2018-10-01 00:23:56.943000+00:00,26601.0,31.0
2018-10-01 00:23:57.995000+00:00,26602.0,15.0
2018-10-01 00:23:59.397000+00:00,26601.0,31.0
2018-10-01 00:24:00.449000+00:00,26603.0,15.0
2018-10-01 00:24:00.800000+00:00,26602.0,15.0
2018-10-01 00:24:01.150000+00:00,26601.0,31.0
2018-10-01 00:24:09.214000+00:00,26602.0,30.0
2018-10-01 00:24:18.330000+00:00,26603.0,30.0
2018-10-01 00:24:31.651000+00:00,26604.0,15.0
2018-10-01 00:25:09.508000+00:00,26602.0,30.0
2018-10-01 00:25:09.861000+00:00,26601.0,31.0
2018-10-01 00:25:10.563000+00:00,26602.0,15.0
2018-10-01 00:25:12.315000+00:00,26603.0,15.0
2018-10-01 00:25:14.070000+00:00,26602.0,31.0
2018-10-01 00:25:14.773000+00:00,26601.0,30.0
2018-10-01 00:25:17.924000+00:00,26602.0,15.0
2018-10-01 00:25:23.183000+00:00,26601.0,15.0
2018-10-01 00:25:23.884000+00:00,26602.0,15.0
2018-10-01 00:25:29.842000+00:00,26601.0,15.0
2018-10-01 00:25:33.830000+00:00,26600.0,31.0
2018-10-01 00:25:35.234000+00:00,26601.0,20.0
2018-10-01 00:25:35.585000+00:00,26600.0,20.0
2018-10-01 00:26:13.796000+00:00,26601.0,15.0
2018-10-01 00:26:14.848000+00:00,26600.0,15.0
2018-10-01 00:26:18.704000+00:00,26601.0,15.0
2018-10-01 00:26:19.758000+00:00,26600.0,31.0
2018-10-01 00:26:22.561000+00:00,26601.0,30.0
2018-10-01 00:26:26.770000+00:00,26600.0,31.0
2018-10-01 00:26:27.821000+00:00,26601.0,15.0
2018-10-01 00:26:28.873000+00:00,26600.0,15.0
2018-10-01 00:26:30.274000+00:00,26601.0,30.0
2018-10-01 00:26:50.252000+00:00,26602.0,20.0
2018-10-01 00:27:07.424000+00:00,26603.0,15.0
2018-10-01 00:27:25.382000+00:00,26604.0,15.0
2018-10-01 00:27:32.062000+00:00,26602.0,25.0
2018-10-01 00:27:32.412000+00:00,26601.0,15.0
2018-10-01 00:27:40.474000+00:00,26602.0,15.0
2018-10-01 00:27:42.926000+00:00,26601.0,31.0
2018-10-01 00:27:45.728000+00:00,26602.0,15.0
2018-10-01 00:27:50.713000+00:00,26601.0,30.0
2018-10-01 00:27:52.115000+00:00,26600.0,31.0
2018-10-01 00:28:00.640000+00:00,26601.0,15.0
2018-10-01 00:28:02.041000+00:00,26600.0,31.0
2018-10-01 00:28:09.523000+00:00,26599.0,25.0
2018-10-01 00:28:45.640000+00:00,26598.0,31.0
2018-10-01 00:28:54.054000+00:00,26599.0,30.0
2018-10-01 00:29:58.883000+00:00,26598.0,30.0
2018-10-01 00:29:59.235000+00:00,26596.0,30.0
2018-10-01 00:30:00.991000+00:00,26597.0,15.0
2018-10-01 00:30:01.692000+00:00,26596.0,31.0
2018-10-01 00:30:02.043000+00:00,26597.0,15.0
2018-10-01 00:30:03.447000+00:00,26598.0,15.0
2018-10-01 00:30:06.251000+00:00,26597.0,31.0
2018-10-01 00:30:17.469000+00:00,26598.0,15.0
2018-10-01 00:30:17.820000+00:00,26597.0,30.0
2018-10-01 00:30:21.324000+00:00,26598.0,20.0
2018-10-01 00:30:28.332000+00:00,26599.0,15.0
2018-10-01 00:30:31.137000+00:00,26600.0,20.0
2018-10-01 00:30:31.837000+00:00,26599.0,31.0
2018-10-01 00:30:33.240000+00:00,26600.0,15.0
2018-10-01 00:30:37.093000+00:00,26599.0,31.0
2018-10-01 00:30:41.304000+00:00,26600.0,15.0
2018-10-01 00:30:42.005000+00:00,26599.0,15.0
2018-10-01 00:30:48.668000+00:00,26600.0,15.0
2018-10-01 00:30:49.370000+00:00,26599.0,30.0
2018-10-01 00:30:53.926000+00:00,26597.0,31.0
2018-10-01 00:31:01.286000+00:00,26598.0,15.0
2018-10-01 00:31:10.046000+00:00,26600.0,15.0
2018-10-01 00:31:17.057000+00:00,26599.0,25.0
2018-10-01 00:31:18.811000+00:00,26600.0,15.0
2018-10-01 00:31:20.563000+00:00,26599.0,30.0
2018-10-01 00:31:21.264000+00:00,26600.0,15.0
2018-10-01 00:31:24.418000+00:00,26599.0,20.0
2018-10-01 00:31:42.997000+00:00,26598.0,20.0
2018-10-01 00:31:51.057000+00:00,26599.0,15.0
2018-10-01 00:32:02.982000+00:00,26600.0,15.0
2018-10-01 00:32:03.332000+00:00,26599.0,20.0
2018-10-01 00:32:06.837000+00:00,26600.0,15.0
2018-10-01 00:32:07.538000+00:00,26599.0,31.0
2018-10-01 00:32:07.889000+00:00,26600.0,30.0
2018-10-01 00:32:10.695000+00:00,26599.0,30.0
2018-10-01 00:32:11.746000+00:00,26598.0,30.0
2018-10-01 00:32:17.008000+00:00,26599.0,15.0
2018-10-01 00:32:20.864000+00:00,26598.0,31.0
2018-10-01 00:32:26.122000+00:00,26599.0,15.0
2018-10-01 00:32:29.626000+00:00,26598.0,31.0
2018-10-01 00:32:31.027000+00:00,26599.0,15.0
2018-10-01 00:32:32.079000+00:00,26598.0,31.0
2018-10-01 00:32:33.131000+00:00,26599.0,25.0
2018-10-01 00:32:43.296000+00:00,26600.0,15.0
2018-10-01 00:32:46.801000+00:00,26599.0,30.0
2018-10-01 00:32:49.955000+00:00,26600.0,15.0
2018-10-01 00:33:12.389000+00:00,26599.0,25.0
2018-10-01 00:33:21.152000+00:00,26600.0,15.0
2018-10-01 00:33:21.502000+00:00,26599.0,30.0
2018-10-01 00:33:25.356000+00:00,26600.0,15.0
2018-10-01 00:33:25.707000+00:00,26599.0,30.0
2018-10-01 00:33:29.913000+00:00,26600.0,15.0
2018-10-01 00:33:35.518000+00:00,26599.0,31.0
2018-10-01 00:33:37.622000+00:00,26600.0,15.0
2018-10-01 00:33:40.075000+00:00,26599.0,31.0
2018-10-01 00:34:06.010000+00:00,26600.0,15.0
2018-10-01 00:34:10.566000+00:00,26599.0,31.0
2018-10-01 00:34:13.719000+00:00,26600.0,15.0
2018-10-01 00:34:17.573000+00:00,26599.0,31.0
2018-10-01 00:34:21.079000+00:00,26600.0,31.0
2018-10-01 00:34:35.447000+00:00,26599.0,30.0
2018-10-01 00:35:03.127000+00:00,26600.0,15.0
2018-10-01 00:35:03.829000+00:00,26599.0,31.0
2018-10-01 00:35:05.936000+00:00,26598.0,25.0
2018-10-01 00:35:09.089000+00:00,26599.0,15.0
2018-10-01 00:35:16.452000+00:00,26600.0,15.0
2018-10-01 00:35:30.832000+00:00,26599.0,20.0
2018-10-01 00:35:32.939000+00:00,26600.0,15.0
2018-10-01 00:36:07.631000+00:00,26601.0,15.0
2018-10-01 00:36:18.142000+00:00,26602.0,15.0
2018-10-01 00:36:23.398000+00:00,26601.0,30.0
2018-10-01 00:36:24.800000+00:00,26602.0,15.0
2018-10-01 00:36:25.501000+00:00,26601.0,31.0
2018-10-01 00:36:38.814000+00:00,26602.0,15.0
2018-10-01 00:38:21.496000+00:00,26603.0,15.0
2018-10-01 00:38:26.402000+00:00,26602.0,25.0
2018-10-01 00:38:29.557000+00:00,26601.0,31.0
2018-10-01 00:38:29.909000+00:00,26602.0,15.0
2018-10-01 00:39:05.683000+00:00,26603.0,15.0
2018-10-01 00:39:11.989000+00:00,26602.0,25.0
2018-10-01 00:39:23.201000+00:00,26603.0,15.0
2018-10-01 00:39:25.652000+00:00,26602.0,31.0
2018-10-01 00:39:48.083000+00:00,26601.0,30.0
2018-10-01 00:40:08.411000+00:00,26602.0,30.0
2018-10-01 00:40:12.969000+00:00,26603.0,15.0
2018-10-01 00:40:24.188000+00:00,26604.0,31.0
2018-10-01 00:40:32.599000+00:00,26605.0,15.0
2018-10-01 00:40:37.505000+00:00,26604.0,31.0
2018-10-01 00:40:37.854000+00:00,26605.0,15.0
2018-10-01 00:40:58.179000+00:00,26604.0,31.0
2018-10-01 00:41:06.595000+00:00,26603.0,31.0
2018-10-01 00:41:34.285000+00:00,26602.0,15.0
2018-10-01 00:41:35.688000+00:00,26601.0,30.0
2018-10-01 00:41:36.388000+00:00,26602.0,15.0
2018-10-01 00:41:42.695000+00:00,26603.0,15.0
2018-10-01 00:41:43.045000+00:00,26602.0,30.0
2018-10-01 00:41:59.872000+00:00,26603.0,15.0
2018-10-01 00:42:01.979000+00:00,26602.0,30.0
2018-10-01 00:42:42.989000+00:00,26601.0,30.0
2018-10-01 00:42:52.800000+00:00,26602.0,15.0
2018-10-01 00:42:57.004000+00:00,26601.0,31.0
2018-10-01 00:43:01.211000+00:00,26602.0,15.0
2018-10-01 00:43:05.066000+00:00,26601.0,31.0
2018-10-01 00:43:48.521000+00:00,26602.0,15.0
2018-10-01 00:45:29.226000+00:00,26603.0,15.0
2018-10-01 00:45:29.927000+00:00,26602.0,31.0
2018-10-01 00:46:17.235000+00:00,26603.0,15.0
2018-10-01 00:46:24.950000+00:00,26604.0,15.0
2018-10-01 00:46:49.831000+00:00,26605.0,15.0
2018-10-01 00:47:09.805000+00:00,26606.0,15.0
2018-10-01 00:47:10.155000+00:00,26605.0,31.0
2018-10-01 00:47:12.259000+00:00,26607.0,15.0
2018-10-01 00:47:12.609000+00:00,26606.0,30.0
2018-10-01 00:47:14.712000+00:00,26607.0,15.0
2018-10-01 00:47:21.724000+00:00,26608.0,15.0
2018-10-01 00:47:22.775000+00:00,26607.0,15.0
2018-10-01 00:47:23.125000+00:00,26608.0,15.0
2018-10-01 00:47:35.040000+00:00,26609.0,25.0
2018-10-01 00:47:36.792000+00:00,26610.0,15.0
2018-10-01 00:47:45.902000+00:00,26611.0,15.0
2018-10-01 00:47:48.355000+00:00,26612.0,30.0
2018-10-01 00:47:48.706000+00:00,26611.0,31.0
2018-10-01 00:47:58.521000+00:00,26612.0,15.0
2018-10-01 00:47:59.223000+00:00,26611.0,31.0
2018-10-01 00:48:03.076000+00:00,26612.0,15.0
2018-10-01 00:48:11.137000+00:00,26608.0,15.0
2018-10-01 00:48:11.486000+00:00,26607.0,31.0
2018-10-01 00:48:11.839000+00:00,26609.0,15.0
2018-10-01 00:48:12.190000+00:00,26608.0,31.0
2018-10-01 00:48:20.602000+00:00,26609.0,15.0
2018-10-01 00:48:21.656000+00:00,26608.0,31.0
2018-10-01 00:48:27.959000+00:00,26609.0,15.0
2018-10-01 00:48:38.127000+00:00,26608.0,30.0
2018-10-01 00:48:39.178000+00:00,26607.0,31.0
2018-10-01 00:48:47.237000+00:00,26608.0,15.0
2018-10-01 00:48:47.587000+00:00,26607.0,31.0
2018-10-01 00:48:47.938000+00:00,26608.0,15.0
2018-10-01 00:48:48.288000+00:00,26607.0,31.0
2018-10-01 00:48:50.392000+00:00,26608.0,15.0
2018-10-01 00:48:58.449000+00:00,26609.0,15.0
2018-10-01 00:48:59.151000+00:00,26608.0,31.0
2018-10-01 00:49:02.303000+00:00,26609.0,15.0
2018-10-01 00:49:07.209000+00:00,26608.0,30.0
2018-10-01 00:49:16.011000+00:00,26609.0,15.0
2018-10-01 00:49:18.115000+00:00,26608.0,31.0
2018-10-01 00:49:21.270000+00:00,26607.0,31.0
2018-10-01 00:49:24.777000+00:00,26606.0,31.0
2018-10-01 00:49:25.128000+00:00,26607.0,15.0
2018-10-01 00:49:25.828000+00:00,26606.0,31.0
2018-10-01 00:49:34.941000+00:00,26607.0,15.0
2018-10-01 00:49:38.095000+00:00,26606.0,31.0
2018-10-01 00:49:39.496000+00:00,26607.0,15.0
2018-10-01 00:49:42.651000+00:00,26608.0,15.0
2018-10-01 00:49:43.702000+00:00,26609.0,15.0
2018-10-01 00:49:45.104000+00:00,26608.0,31.0
2018-10-01 00:49:52.462000+00:00,26609.0,15.0
2018-10-01 00:50:16.301000+00:00,26608.0,30.0
2018-10-01 00:51:08.166000+00:00,26609.0,15.0
2018-10-01 00:51:09.217000+00:00,26608.0,31.0
2018-10-01 00:52:02.822000+00:00,26607.0,25.0
2018-10-01 00:52:17.887000+00:00,26608.0,15.0
2018-10-01 00:52:19.288000+00:00,26607.0,31.0
2018-10-01 00:52:53.636000+00:00,26608.0,15.0
2018-10-01 00:52:56.088000+00:00,26607.0,31.0
2018-10-01 00:52:57.492000+00:00,26608.0,15.0
2018-10-01 00:52:58.192000+00:00,26607.0,31.0
2018-10-01 00:53:03.450000+00:00,26608.0,15.0
2018-10-01 00:53:17.688000+00:00,26609.0,15.0
2018-10-01 00:53:22.594000+00:00,26608.0,31.0
2018-10-01 00:53:23.295000+00:00,26609.0,15.0
2018-10-01 00:53:41.866000+00:00,26608.0,31.0
2018-10-01 00:53:48.213000+00:00,26609.0,15.0
2018-10-01 00:53:48.563000+00:00,26608.0,31.0
2018-10-01 00:53:57.676000+00:00,26609.0,15.0
2018-10-01 00:53:58.728000+00:00,26608.0,31.0
2018-10-01 00:54:33.456000+00:00,26607.0,20.0
2018-10-01 00:54:40.119000+00:00,26608.0,15.0
2018-10-01 00:54:48.543000+00:00,26609.0,30.0
2018-10-01 00:54:49.949000+00:00,26608.0,30.0
2018-10-01 00:54:51.004000+00:00,26609.0,15.0
2018-10-01 00:54:51.356000+00:00,26608.0,30.0
2018-10-01 00:54:52.409000+00:00,26609.0,31.0
2018-10-01 00:54:54.868000+00:00,26610.0,15.0
2018-10-01 00:54:55.220000+00:00,26609.0,30.0
2018-10-01 00:54:55.571000+00:00,26608.0,30.0
2018-10-01 00:54:56.275000+00:00,26607.0,31.0
2018-10-01 00:54:56.627000+00:00,26606.0,31.0
2018-10-01 00:54:57.330000+00:00,26605.0,31.0
2018-10-01 00:54:59.791000+00:00,26606.0,31.0
2018-10-01 00:55:00.144000+00:00,26607.0,15.0
2018-10-01 00:55:00.498000+00:00,26606.0,31.0
2018-10-01 00:55:02.608000+00:00,26605.0,31.0
2018-10-01 00:55:04.365000+00:00,26606.0,30.0
2018-10-01 00:55:07.877000+00:00,26607.0,30.0
2018-10-01 00:55:08.227000+00:00,26606.0,25.0
2018-10-01 00:55:15.607000+00:00,26608.0,15.0
2018-10-01 00:55:21.228000+00:00,26609.0,15.0
2018-10-01 00:55:21.580000+00:00,26608.0,31.0
2018-10-01 00:55:24.387000+00:00,26609.0,15.0
2018-10-01 00:55:56.319000+00:00,26610.0,15.0
2018-10-01 00:56:06.137000+00:00,26611.0,15.0
2018-10-01 00:56:07.189000+00:00,26610.0,31.0
2018-10-01 00:56:09.993000+00:00,26611.0,15.0
2018-10-01 00:56:10.344000+00:00,26610.0,31.0
2018-10-01 00:56:12.447000+00:00,26611.0,15.0
2018-10-01 00:56:21.566000+00:00,26610.0,25.0
2018-10-01 00:56:22.268000+00:00,26609.0,31.0
2018-10-01 00:56:50.311000+00:00,26608.0,31.0
2018-10-01 00:56:57.676000+00:00,26609.0,15.0
2018-10-01 00:57:35.534000+00:00,26608.0,31.0
2018-10-01 00:57:41.139000+00:00,26609.0,15.0
2018-10-01 00:58:37.222000+00:00,26610.0,15.0
2018-10-01 00:58:37.922000+00:00,26609.0,31.0
2018-10-01 00:58:44.581000+00:00,26610.0,15.0
2018-10-01 00:59:08.070000+00:00,26611.0,15.0
2018-10-01 00:59:13.328000+00:00,26610.0,31.0
2018-10-01 00:59:17.887000+00:00,26611.0,31.0
2018-10-01 00:59:18.587000+00:00,26612.0,15.0
2018-10-01 00:59:18.938000+00:00,26611.0,31.0
2018-10-01 00:59:46.283000+00:00,26612.0,15.0
2018-10-01 00:59:46.984000+00:00,26611.0,31.0
2018-10-01 01:00:18.891000+00:00,26612.0,15.0
2018-10-01 01:00:39.576000+00:00,26613.0,15.0
2018-10-01 01:00:40.627000+00:00,26612.0,30.0
2018-10-01 01:01:10.786000+00:00,26611.0,30.0
2018-10-01 01:01:16.392000+00:00,26612.0,15.0
2018-10-01 01:02:03.723000+00:00,26611.0,31.0
2018-10-01 01:02:17.048000+00:00,26610.0,31.0
2018-10-01 01:02:26.170000+00:00,26612.0,20.0
2018-10-01 01:02:26.520000+00:00,26613.0,31.0
2018-10-01 01:02:40.195000+00:00,26614.0,15.0
2018-10-01 01:02:41.245000+00:00,26613.0,31.0
2018-10-01 01:02:41.596000+00:00,26614.0,15.0
2018-10-01 01:02:41.948000+00:00,26613.0,31.0
2018-10-01 01:02:43.704000+00:00,26614.0,15.0
2018-10-01 01:02:44.055000+00:00,26613.0,30.0
2018-10-01 01:02:52.472000+00:00,26612.0,30.0
2018-10-01 01:03:54.873000+00:00,26611.0,20.0
2018-10-01 01:04:03.642000+00:00,26609.0,31.0
2018-10-01 01:04:08.207000+00:00,26610.0,15.0
2018-10-01 01:04:13.466000+00:00,26609.0,31.0
2018-10-01 01:04:16.622000+00:00,26610.0,25.0
2018-10-01 01:04:18.725000+00:00,26609.0,31.0
2018-10-01 01:04:20.478000+00:00,26610.0,15.0
2018-10-01 01:04:31.347000+00:00,26611.0,15.0
2018-10-01 01:04:53.424000+00:00,26610.0,31.0
2018-10-01 01:04:57.278000+00:00,26611.0,15.0
2018-10-01 01:05:06.743000+00:00,26612.0,30.0
2018-10-01 01:05:08.145000+00:00,26611.0,30.0
2018-10-01 01:05:12.352000+00:00,26612.0,15.0
2018-10-01 01:05:13.052000+00:00,26611.0,25.0
2018-10-01 01:05:24.970000+00:00,26612.0,15.0
2018-10-01 01:05:31.281000+00:00,26613.0,20.0
2018-10-01 01:05:45.667000+00:00,26614.0,15.0
2018-10-01 01:06:04.599000+00:00,26613.0,31.0
2018-10-01 01:06:13.358000+00:00,26614.0,15.0
2018-10-01 01:06:15.462000+00:00,26613.0,31.0
2018-10-01 01:06:19.671000+00:00,26614.0,15.0
2018-10-01 01:06:20.021000+00:00,26613.0,31.0
2018-10-01 01:06:34.047000+00:00,26612.0,31.0
2018-10-01 01:07:17.870000+00:00,26611.0,15.0
2018-10-01 01:07:23.485000+00:00,26612.0,30.0
2018-10-01 01:07:28.044000+00:00,26611.0,31.0
2018-10-01 01:07:41.021000+00:00,26612.0,20.0
2018-10-01 01:07:44.878000+00:00,26613.0,15.0
2018-10-01 01:07:49.086000+00:00,26612.0,25.0
2018-10-01 01:07:51.891000+00:00,26613.0,15.0
2018-10-01 01:07:58.904000+00:00,26612.0,30.0
2018-10-01 01:08:00.307000+00:00,26613.0,15.0
2018-10-01 01:08:00.657000+00:00,26612.0,31.0
2018-10-01 01:08:02.059000+00:00,26613.0,15.0
2018-10-01 01:08:33.254000+00:00,26612.0,31.0
2018-10-01 01:08:34.655000+00:00,26613.0,15.0
2018-10-01 01:08:41.311000+00:00,26612.0,31.0
2018-10-01 01:08:44.815000+00:00,26613.0,15.0
2018-10-01 01:08:45.517000+00:00,26612.0,31.0
2018-10-01 01:08:49.723000+00:00,26611.0,31.0
2018-10-01 01:09:19.519000+00:00,26612.0,15.0
2018-10-01 01:09:20.921000+00:00,26611.0,30.0
2018-10-01 01:09:32.490000+00:00,26612.0,25.0
2018-10-01 01:09:37.403000+00:00,26613.0,15.0
2018-10-01 01:10:25.453000+00:00,26612.0,25.0
2018-10-01 01:10:25.804000+00:00,26613.0,15.0
2018-10-01 01:10:26.504000+00:00,26612.0,31.0
2018-10-01 01:10:31.420000+00:00,26613.0,20.0
2018-10-01 01:10:44.742000+00:00,26614.0,25.0
2018-10-01 01:10:53.157000+00:00,26613.0,30.0
2018-10-01 01:11:00.176000+00:00,26612.0,31.0
2018-10-01 01:11:07.892000+00:00,26613.0,25.0
2018-10-01 01:11:18.059000+00:00,26614.0,30.0
2018-10-01 01:11:19.464000+00:00,26612.0,31.0
2018-10-01 01:11:21.916000+00:00,26613.0,15.0
2018-10-01 01:11:56.273000+00:00,26612.0,31.0
2018-10-01 01:12:00.485000+00:00,26613.0,15.0
2018-10-01 01:12:23.267000+00:00,26612.0,20.0
2018-10-01 01:12:32.029000+00:00,26611.0,20.0
2018-10-01 01:12:36.237000+00:00,26612.0,15.0
2018-10-01 01:12:37.638000+00:00,26611.0,30.0
2018-10-01 01:13:05.330000+00:00,26612.0,15.0
2018-10-01 01:13:07.786000+00:00,26611.0,31.0
2018-10-01 01:13:12.345000+00:00,26612.0,15.0
2018-10-01 01:13:25.662000+00:00,26611.0,30.0
2018-10-01 01:13:29.522000+00:00,26612.0,15.0
2018-10-01 01:13:34.431000+00:00,26611.0,30.0
2018-10-01 01:13:35.836000+00:00,26612.0,31.0
2018-10-01 01:13:39.700000+00:00,26611.0,30.0
2018-10-01 01:13:46.011000+00:00,26610.0,31.0
2018-10-01 01:13:56.182000+00:00,26611.0,15.0
2018-10-01 01:13:56.885000+00:00,26610.0,31.0
2018-10-01 01:13:58.992000+00:00,26611.0,15.0
2018-10-01 01:14:10.209000+00:00,26610.0,31.0
2018-10-01 01:14:13.015000+00:00,26611.0,30.0
2018-10-01 01:14:13.718000+00:00,26612.0,15.0
2018-10-01 01:14:22.831000+00:00,26611.0,30.0
2018-10-01 01:14:25.638000+00:00,26612.0,20.0
2018-10-01 01:14:29.492000+00:00,26611.0,25.0
2018-10-01 01:14:43.517000+00:00,26610.0,31.0
2018-10-01 01:14:53.334000+00:00,26611.0,15.0
2018-10-01 01:14:53.685000+00:00,26610.0,31.0
2018-10-01 01:14:55.788000+00:00,26611.0,15.0
2018-10-01 01:15:06.661000+00:00,26612.0,15.0
2018-10-01 01:15:13.331000+00:00,26611.0,31.0
2018-10-01 01:15:17.185000+00:00,26612.0,30.0
2018-10-01 01:15:24.202000+00:00,26613.0,30.0
2018-10-01 01:15:24.554000+00:00,26612.0,31.0
2018-10-01 01:15:24.904000+00:00,26613.0,15.0
2018-10-01 01:15:27.010000+00:00,26614.0,15.0
2018-10-01 01:15:27.360000+00:00,26613.0,31.0
2018-10-01 01:15:28.412000+00:00,26614.0,31.0
2018-10-01 01:15:33.670000+00:00,26615.0,15.0
2018-10-01 01:15:34.721000+00:00,26614.0,31.0
2018-10-01 01:15:36.124000+00:00,26615.0,15.0
2018-10-01 01:15:49.445000+00:00,26616.0,15.0
2018-10-01 01:16:01.720000+00:00,26617.0,15.0
2018-10-01 01:16:02.073000+00:00,26616.0,15.0
2018-10-01 01:16:04.177000+00:00,26615.0,20.0
2018-10-01 01:16:29.769000+00:00,26614.0,31.0
2018-10-01 01:16:44.150000+00:00,26615.0,20.0
2018-10-01 01:16:49.408000+00:00,26614.0,31.0
2018-10-01 01:16:49.758000+00:00,26615.0,15.0
2018-10-01 01:16:50.809000+00:00,26614.0,31.0
2018-10-01 01:16:52.214000+00:00,26615.0,15.0
2018-10-01 01:16:56.424000+00:00,26614.0,31.0
2018-10-01 01:16:58.528000+00:00,26615.0,15.0
2018-10-01 01:17:43.775000+00:00,26614.0,31.0
2018-10-01 01:17:44.478000+00:00,26613.0,31.0
2018-10-01 01:17:44.829000+00:00,26612.0,31.0
2018-10-01 01:17:45.181000+00:00,26613.0,15.0
2018-10-01 01:17:46.234000+00:00,26612.0,31.0
2018-10-01 01:17:46.585000+00:00,26613.0,15.0
2018-10-01 01:17:50.444000+00:00,26612.0,31.0
2018-10-01 01:17:52.198000+00:00,26613.0,15.0
2018-10-01 01:17:52.549000+00:00,26612.0,31.0
2018-10-01 01:17:53.601000+00:00,26613.0,15.0
2018-10-01 01:17:56.056000+00:00,26612.0,31.0
2018-10-01 01:17:57.107000+00:00,26613.0,30.0
2018-10-01 01:18:17.806000+00:00,26615.0,15.0
2018-10-01 01:18:18.156000+00:00,26614.0,31.0
2018-10-01 01:18:22.713000+00:00,26615.0,15.0
2018-10-01 01:18:23.766000+00:00,26614.0,30.0
2018-10-01 01:18:31.124000+00:00,26613.0,30.0
2018-10-01 01:18:49.717000+00:00,26614.0,15.0
2018-10-01 01:19:09.364000+00:00,26615.0,15.0
2018-10-01 01:19:11.121000+00:00,26614.0,31.0
2018-10-01 01:19:14.274000+00:00,26613.0,15.0
2018-10-01 01:19:30.753000+00:00,26614.0,15.0
2018-10-01 01:19:51.442000+00:00,26613.0,30.0
2018-10-01 01:19:53.545000+00:00,26614.0,15.0
2018-10-01 01:19:55.301000+00:00,26613.0,31.0
2018-10-01 01:20:05.476000+00:00,26614.0,30.0
2018-10-01 01:20:31.430000+00:00,26615.0,15.0
2018-10-01 01:20:31.780000+00:00,26614.0,31.0
2018-10-01 01:21:07.191000+00:00,26613.0,25.0
2018-10-01 01:21:16.655000+00:00,26614.0,15.0
2018-10-01 01:21:22.966000+00:00,26612.0,31.0
2018-10-01 01:21:23.316000+00:00,26613.0,15.0
2018-10-01 01:21:24.368000+00:00,26612.0,31.0
2018-10-01 01:21:27.524000+00:00,26613.0,25.0
2018-10-01 01:21:29.626000+00:00,26612.0,31.0
2018-10-01 01:21:31.029000+00:00,26613.0,15.0
2018-10-01 01:21:31.380000+00:00,26612.0,31.0
2018-10-01 01:21:34.184000+00:00,26611.0,31.0
2018-10-01 01:21:35.936000+00:00,26610.0,31.0
2018-10-01 01:21:36.287000+00:00,26611.0,25.0
2018-10-01 01:21:40.846000+00:00,26610.0,31.0
2018-10-01 01:21:45.405000+00:00,26611.0,15.0
2018-10-01 01:21:48.561000+00:00,26610.0,30.0
2018-10-01 01:21:49.613000+00:00,26611.0,15.0
2018-10-01 01:21:53.819000+00:00,26610.0,31.0
2018-10-01 01:22:14.498000+00:00,26611.0,31.0
2018-10-01 01:22:15.549000+00:00,26610.0,31.0
2018-10-01 01:22:40.433000+00:00,26611.0,15.0
2018-10-01 01:22:44.640000+00:00,26609.0,15.0
2018-10-01 01:22:44.992000+00:00,26608.0,31.0
2018-10-01 01:22:47.796000+00:00,26607.0,31.0
2018-10-01 01:22:48.147000+00:00,26608.0,15.0
2018-10-01 01:22:48.847000+00:00,26607.0,31.0
2018-10-01 01:22:55.158000+00:00,26606.0,31.0
2018-10-01 01:22:57.962000+00:00,26607.0,31.0
2018-10-01 01:22:59.013000+00:00,26606.0,31.0
2018-10-01 01:23:00.770000+00:00,26605.0,31.0
2018-10-01 01:23:02.524000+00:00,26604.0,15.0
2018-10-01 01:23:04.277000+00:00,26603.0,30.0
2018-10-01 01:23:06.381000+00:00,26604.0,15.0
2018-10-01 01:23:07.783000+00:00,26603.0,31.0
2018-10-01 01:23:11.287000+00:00,26604.0,15.0
2018-10-01 01:23:15.144000+00:00,26605.0,20.0
2018-10-01 01:23:17.596000+00:00,26606.0,31.0
2018-10-01 01:23:20.399000+00:00,26605.0,31.0
2018-10-01 01:23:27.804000+00:00,26604.0,31.0
2018-10-01 01:23:37.623000+00:00,26605.0,20.0
2018-10-01 01:23:39.377000+00:00,26604.0,25.0
2018-10-01 01:23:40.429000+00:00,26605.0,31.0
2018-10-01 01:23:41.480000+00:00,26604.0,30.0
2018-10-01 01:24:17.234000+00:00,26603.0,31.0
2018-10-01 01:24:18.986000+00:00,26604.0,31.0
2018-10-01 01:24:19.687000+00:00,26605.0,15.0
2018-10-01 01:24:20.388000+00:00,26604.0,31.0
2018-10-01 01:24:25.292000+00:00,26605.0,15.0
2018-10-01 01:24:25.643000+00:00,26604.0,31.0
2018-10-01 01:24:52.980000+00:00,26603.0,31.0
2018-10-01 01:24:55.085000+00:00,26604.0,15.0
2018-10-01 01:24:59.641000+00:00,26605.0,31.0
2018-10-01 01:25:08.063000+00:00,26604.0,31.0
2018-10-01 01:25:14.372000+00:00,26605.0,15.0
2018-10-01 01:25:18.230000+00:00,26604.0,28.0
2018-10-01 01:25:32.954000+00:00,26605.0,28.0
2018-10-01 01:25:34.005000+00:00,26604.0,28.0
2018-10-01 01:25:34.706000+00:00,26603.0,15.0
2018-10-01 01:25:36.459000+00:00,26604.0,15.0
2018-10-01 01:25:38.210000+00:00,26603.0,28.0
2018-10-01 01:25:45.223000+00:00,26604.0,15.0
2018-10-01 01:26:00.643000+00:00,26606.0,20.0
2018-10-01 01:26:00.994000+00:00,26607.0,15.0
2018-10-01 01:26:01.345000+00:00,26606.0,28.0
2018-10-01 01:26:01.697000+00:00,26605.0,28.0
2018-10-01 01:26:21.676000+00:00,26604.0,28.0
2018-10-01 01:26:24.833000+00:00,26603.0,25.0
2018-10-01 01:26:26.936000+00:00,26602.0,28.0
2018-10-01 01:26:51.475000+00:00,26603.0,15.0
2018-10-01 01:26:58.133000+00:00,26604.0,28.0
2018-10-01 01:26:59.183000+00:00,26603.0,28.0
2018-10-01 01:27:01.638000+00:00,26604.0,15.0
2018-10-01 01:27:01.988000+00:00,26603.0,28.0
2018-10-01 01:27:12.512000+00:00,26604.0,15.0
2018-10-01 01:27:16.372000+00:00,26602.0,28.0
2018-10-01 01:27:20.577000+00:00,26601.0,28.0
2018-10-01 01:27:20.930000+00:00,26602.0,15.0
2018-10-01 01:27:29.695000+00:00,26601.0,28.0
2018-10-01 01:27:44.414000+00:00,26602.0,15.0
2018-10-01 01:28:03.698000+00:00,26601.0,28.0
2018-10-01 01:28:05.104000+00:00,26602.0,15.0
2018-10-01 01:28:05.806000+00:00,26601.0,28.0
2018-10-01 01:28:17.380000+00:00,26602.0,15.0
2018-10-01 01:28:21.587000+00:00,26603.0,15.0
2018-10-01 01:28:25.096000+00:00,26602.0,28.0
2018-10-01 01:28:27.551000+00:00,26603.0,15.0
2018-10-01 01:28:42.294000+00:00,26604.0,15.0
2018-10-01 01:28:43.696000+00:00,26603.0,28.0
2018-10-01 01:28:48.254000+00:00,26604.0,15.0
2018-10-01 01:29:15.605000+00:00,26603.0,15.0
2018-10-01 01:29:15.956000+00:00,26604.0,15.0
2018-10-01 01:29:16.306000+00:00,26603.0,28.0
2018-10-01 01:29:24.728000+00:00,26604.0,15.0
2018-10-01 01:29:30.693000+00:00,26603.0,28.0
2018-10-01 01:29:31.043000+00:00,26604.0,15.0
2018-10-01 01:29:33.846000+00:00,26603.0,28.0
2018-10-01 01:29:45.762000+00:00,26602.0,28.0
2018-10-01 01:29:53.833000+00:00,26601.0,28.0
2018-10-01 01:29:54.534000+00:00,26602.0,15.0
2018-10-01 01:29:56.988000+00:00,26603.0,15.0
2018-10-01 01:29:57.339000+00:00,26602.0,28.0
2018-10-01 01:30:02.613000+00:00,26603.0,15.0
2018-10-01 01:30:02.965000+00:00,26602.0,28.0
2018-10-01 01:30:04.019000+00:00,26603.0,15.0
2018-10-01 01:30:06.473000+00:00,26604.0,15.0
2018-10-01 01:30:09.280000+00:00,26603.0,28.0
2018-10-01 01:30:38.398000+00:00,26602.0,28.0
2018-10-01 01:30:40.852000+00:00,26603.0,15.0
2018-10-01 01:30:41.552000+00:00,26602.0,28.0
2018-10-01 01:30:43.656000+00:00,26603.0,28.0
2018-10-01 01:30:47.164000+00:00,26602.0,28.0
2018-10-01 01:30:51.721000+00:00,26601.0,28.0
2018-10-01 01:31:03.290000+00:00,26600.0,28.0
2018-10-01 01:31:03.642000+00:00,26601.0,15.0
2018-10-01 01:31:03.993000+00:00,26600.0,28.0
2018-10-01 01:31:06.451000+00:00,26601.0,25.0
2018-10-01 01:31:08.553000+00:00,26602.0,15.0
2018-10-01 01:31:12.411000+00:00,26601.0,28.0
2018-10-01 01:31:25.032000+00:00,26602.0,15.0
2018-10-01 01:31:28.888000+00:00,26601.0,28.0
2018-10-01 01:31:30.991000+00:00,26602.0,15.0
2018-10-01 01:31:33.798000+00:00,26601.0,25.0
2018-10-01 01:31:34.149000+00:00,26602.0,15.0
2018-10-01 01:31:49.920000+00:00,26603.0,15.0
2018-10-01 01:31:51.327000+00:00,26602.0,28.0
2018-10-01 01:31:56.586000+00:00,26603.0,28.0
2018-10-01 01:32:05.348000+00:00,26604.0,15.0
2018-10-01 01:32:42.868000+00:00,26605.0,15.0
2018-10-01 01:32:52.692000+00:00,26606.0,15.0
2018-10-01 01:32:53.397000+00:00,26605.0,24.0
2018-10-01 01:33:47.789000+00:00,26606.0,20.0
2018-10-01 01:34:31.269000+00:00,26607.0,15.0
2018-10-01 01:34:32.321000+00:00,26606.0,20.0
2018-10-01 01:34:34.778000+00:00,26605.0,24.0
2018-10-01 01:34:38.984000+00:00,26606.0,15.0
2018-10-01 01:34:45.646000+00:00,26605.0,24.0
2018-10-01 01:34:49.154000+00:00,26606.0,15.0
2018-10-01 01:35:02.825000+00:00,26605.0,24.0
2018-10-01 01:35:39.995000+00:00,26606.0,15.0
2018-10-01 01:35:41.397000+00:00,26605.0,24.0
2018-10-01 01:35:47.008000+00:00,26606.0,24.0
2018-10-01 01:35:48.410000+00:00,26605.0,23.0
2018-10-01 01:35:58.227000+00:00,26604.0,23.0
2018-10-01 01:35:59.278000+00:00,26605.0,15.0
2018-10-01 01:36:00.680000+00:00,26604.0,23.0
2018-10-01 01:36:42.749000+00:00,26605.0,15.0
2018-10-01 01:36:49.767000+00:00,26604.0,15.0
2018-10-01 01:37:01.339000+00:00,26605.0,20.0
2018-10-01 01:37:18.518000+00:00,26604.0,20.0
2018-10-01 01:37:23.428000+00:00,26605.0,15.0
2018-10-01 01:37:26.584000+00:00,26604.0,23.0
2018-10-01 01:37:33.599000+00:00,26605.0,15.0
2018-10-01 01:37:33.949000+00:00,26604.0,23.0
2018-10-01 01:37:35.701000+00:00,26605.0,15.0
2018-10-01 01:37:45.514000+00:00,26604.0,15.0
2018-10-01 01:37:45.864000+00:00,26605.0,15.0
2018-10-01 01:37:50.421000+00:00,26604.0,23.0
2018-10-01 01:37:56.029000+00:00,26605.0,15.0
2018-10-01 01:38:05.496000+00:00,26606.0,15.0
2018-10-01 01:38:08.299000+00:00,26605.0,23.0
2018-10-01 01:38:11.103000+00:00,26606.0,23.0
2018-10-01 01:38:21.973000+00:00,26605.0,23.0
2018-10-01 01:38:26.185000+00:00,26604.0,23.0
2018-10-01 01:38:29.691000+00:00,26603.0,23.0
2018-10-01 01:38:30.391000+00:00,26604.0,15.0
2018-10-01 01:38:31.094000+00:00,26603.0,15.0
2018-10-01 01:38:32.496000+00:00,26602.0,23.0
2018-10-01 01:38:40.559000+00:00,26603.0,23.0
2018-10-01 01:38:49.320000+00:00,26604.0,23.0
2018-10-01 01:38:53.178000+00:00,26603.0,23.0
2018-10-01 01:39:02.294000+00:00,26602.0,23.0
2018-10-01 01:39:14.567000+00:00,26603.0,15.0
2018-10-01 01:39:14.919000+00:00,26602.0,23.0
2018-10-01 01:40:00.830000+00:00,26601.0,23.0
2018-10-01 01:40:04.336000+00:00,26602.0,15.0
2018-10-01 01:40:22.564000+00:00,26601.0,23.0
2018-10-01 01:40:30.280000+00:00,26600.0,23.0
2018-10-01 01:41:02.884000+00:00,26601.0,23.0
2018-10-01 01:41:05.338000+00:00,26602.0,15.0
2018-10-01 01:41:06.389000+00:00,26601.0,23.0
2018-10-01 01:41:08.841000+00:00,26602.0,15.0
2018-10-01 01:41:29.240000+00:00,26601.0,23.0
2018-10-01 01:41:30.642000+00:00,26602.0,23.0
2018-10-01 01:41:32.045000+00:00,26601.0,23.0
2018-10-01 01:41:46.778000+00:00,26602.0,20.0
2018-10-01 01:41:53.094000+00:00,26603.0,20.0
2018-10-01 01:41:54.145000+00:00,26604.0,15.0
2018-10-01 01:42:00.108000+00:00,26603.0,23.0
2018-10-01 01:42:03.267000+00:00,26602.0,23.0
2018-10-01 01:42:08.179000+00:00,26603.0,15.0
2018-10-01 01:42:14.489000+00:00,26602.0,15.0
2018-10-01 01:42:18.694000+00:00,26603.0,15.0
2018-10-01 01:42:33.417000+00:00,26602.0,23.0
2018-10-01 01:42:37.975000+00:00,26603.0,23.0
2018-10-01 01:43:21.442000+00:00,26604.0,15.0
2018-10-01 01:43:23.544000+00:00,26603.0,23.0
2018-10-01 01:43:50.185000+00:00,26604.0,15.0
2018-10-01 01:43:55.446000+00:00,26603.0,23.0
2018-10-01 01:44:02.109000+00:00,26604.0,20.0
2018-10-01 01:44:21.036000+00:00,26603.0,20.0
2018-10-01 01:44:35.401000+00:00,26604.0,15.0
2018-10-01 01:44:44.516000+00:00,26603.0,23.0
2018-10-01 01:44:48.024000+00:00,26604.0,15.0
2018-10-01 01:45:03.460000+00:00,26605.0,20.0
2018-10-01 01:45:03.810000+00:00,26604.0,23.0
2018-10-01 01:45:04.512000+00:00,26605.0,15.0
2018-10-01 01:45:09.770000+00:00,26606.0,15.0
2018-10-01 01:45:46.287000+00:00,26605.0,15.0
2018-10-01 01:45:46.639000+00:00,26606.0,15.0
2018-10-01 01:45:50.845000+00:00,26605.0,23.0
2018-10-01 01:46:17.493000+00:00,26604.0,23.0
2018-10-01 01:46:17.843000+00:00,26605.0,15.0
2018-10-01 01:46:23.450000+00:00,26606.0,15.0
2018-10-01 01:46:25.553000+00:00,26605.0,15.0
2018-10-01 01:46:33.964000+00:00,26604.0,23.0
2018-10-01 01:46:39.920000+00:00,26605.0,15.0
2018-10-01 01:47:03.044000+00:00,26606.0,15.0
2018-10-01 01:47:37.045000+00:00,26607.0,15.0
2018-10-01 01:47:39.849000+00:00,26608.0,20.0
2018-10-01 01:47:40.899000+00:00,26607.0,20.0
2018-10-01 01:47:42.301000+00:00,26608.0,15.0
2018-10-01 01:48:26.124000+00:00,26609.0,15.0
2018-10-01 01:48:26.476000+00:00,26610.0,15.0
2018-10-01 01:48:26.825000+00:00,26609.0,23.0
2018-10-01 01:48:28.228000+00:00,26610.0,15.0
2018-10-01 01:48:28.928000+00:00,26609.0,23.0
2018-10-01 01:48:39.447000+00:00,26608.0,23.0
2018-10-01 01:48:39.797000+00:00,26609.0,15.0
2018-10-01 01:48:40.499000+00:00,26608.0,23.0
2018-10-01 01:48:42.253000+00:00,26609.0,15.0
2018-10-01 01:48:42.956000+00:00,26608.0,23.0
2018-10-01 01:48:47.167000+00:00,26607.0,23.0
2018-10-01 01:48:48.570000+00:00,26606.0,20.0
2018-10-01 01:48:55.583000+00:00,26605.0,23.0
2018-10-01 01:49:00.145000+00:00,26606.0,15.0
2018-10-01 01:50:14.169000+00:00,26605.0,23.0
2018-10-01 01:50:29.950000+00:00,26606.0,15.0
2018-10-01 01:50:31.354000+00:00,26605.0,23.0
2018-10-01 01:50:32.057000+00:00,26606.0,15.0
2018-10-01 01:50:32.408000+00:00,26607.0,15.0
2018-10-01 01:50:38.726000+00:00,26606.0,23.0
2018-10-01 01:50:55.909000+00:00,26610.0,15.0
2018-10-01 01:50:56.260000+00:00,26609.0,23.0
2018-10-01 01:50:57.663000+00:00,26610.0,23.0
2018-10-01 01:50:58.013000+00:00,26609.0,23.0
2018-10-01 01:51:08.895000+00:00,26610.0,15.0
2018-10-01 01:51:09.245000+00:00,26609.0,23.0
2018-10-01 01:51:14.857000+00:00,26610.0,15.0
2018-10-01 01:51:18.015000+00:00,26609.0,23.0
2018-10-01 01:51:19.769000+00:00,26611.0,23.0
2018-10-01 01:51:23.278000+00:00,26612.0,15.0
2018-10-01 01:51:24.330000+00:00,26611.0,23.0
2018-10-01 01:51:38.355000+00:00,26612.0,15.0
2018-10-01 01:51:38.706000+00:00,26611.0,23.0
2018-10-01 01:51:47.122000+00:00,26610.0,23.0
2018-10-01 01:51:53.083000+00:00,26611.0,15.0
2018-10-01 01:51:56.940000+00:00,26610.0,15.0
2018-10-01 01:51:57.292000+00:00,26611.0,15.0
2018-10-01 01:51:57.642000+00:00,26610.0,23.0
2018-10-01 01:51:57.992000+00:00,26611.0,15.0
2018-10-01 01:51:58.345000+00:00,26610.0,23.0
2018-10-01 01:52:05.713000+00:00,26609.0,23.0
2018-10-01 01:52:13.429000+00:00,26608.0,23.0
2018-10-01 01:52:33.775000+00:00,26607.0,23.0
2018-10-01 01:52:44.295000+00:00,26606.0,23.0
2018-10-01 01:52:44.646000+00:00,26607.0,15.0
2018-10-01 01:53:08.488000+00:00,26608.0,15.0
2018-10-01 01:53:13.046000+00:00,26607.0,23.0
2018-10-01 01:53:20.760000+00:00,26608.0,15.0
2018-10-01 01:53:27.773000+00:00,26609.0,15.0
2018-10-01 01:53:46.709000+00:00,26608.0,15.0
2018-10-01 01:54:02.491000+00:00,26607.0,15.0
2018-10-01 01:54:04.245000+00:00,26608.0,15.0
2018-10-01 01:54:14.413000+00:00,26609.0,15.0
2018-10-01 01:54:31.590000+00:00,26608.0,15.0
2018-10-01 01:54:55.431000+00:00,26609.0,15.0
2018-10-01 01:55:01.043000+00:00,26608.0,20.0
2018-10-01 01:55:42.774000+00:00,26607.0,20.0
2018-10-01 01:55:55.041000+00:00,26608.0,15.0
2018-10-01 01:56:13.678000+00:00,26607.0,23.0
2018-10-01 01:56:42.420000+00:00,26608.0,15.0
2018-10-01 01:56:48.380000+00:00,26609.0,15.0
2018-10-01 01:56:49.081000+00:00,26608.0,23.0
2018-10-01 01:57:00.302000+00:00,26609.0,15.0
2018-10-01 01:57:02.756000+00:00,26610.0,15.0
2018-10-01 01:57:04.162000+00:00,26611.0,23.0
2018-10-01 01:57:04.513000+00:00,26610.0,23.0
2018-10-01 01:57:09.421000+00:00,26609.0,23.0
2018-10-01 01:57:13.280000+00:00,26607.0,23.0
2018-10-01 01:57:39.228000+00:00,26606.0,23.0
2018-10-01 01:57:54.309000+00:00,26605.0,23.0
2018-10-01 01:58:03.075000+00:00,26606.0,23.0
2018-10-01 01:58:19.549000+00:00,26605.0,23.0
2018-10-01 01:58:23.406000+00:00,26606.0,15.0
2018-10-01 01:58:25.862000+00:00,26607.0,15.0
2018-10-01 01:58:50.065000+00:00,26606.0,15.0
2018-10-01 01:59:10.776000+00:00,26607.0,15.0
2018-10-01 01:59:16.744000+00:00,26608.0,15.0
2018-10-01 01:59:18.846000+00:00,26607.0,23.0
2018-10-01 01:59:20.951000+00:00,26608.0,15.0
2018-10-01 01:59:21.652000+00:00,26607.0,23.0
2018-10-01 01:59:29.021000+00:00,26608.0,15.0
2018-10-01 01:59:37.093000+00:00,26607.0,20.0
2018-10-01 01:59:42.012000+00:00,26608.0,15.0
2018-10-01 02:00:04.485000+00:00,26609.0,20.0
2018-10-01 02:00:21.680000+00:00,26608.0,23.0
2018-10-01 02:00:22.732000+00:00,26609.0,15.0
2018-10-01 02:00:23.082000+00:00,26608.0,23.0
2018-10-01 02:00:31.496000+00:00,26609.0,15.0
2018-10-01 02:00:34.299000+00:00,26608.0,23.0
2018-10-01 02:00:46.577000+00:00,26609.0,15.0
2018-10-01 02:00:50.088000+00:00,26608.0,23.0
2018-10-01 02:01:23.072000+00:00,26607.0,23.0
2018-10-01 02:01:35.704000+00:00,26606.0,23.0
2018-10-01 02:01:40.265000+00:00,26607.0,15.0
2018-10-01 02:01:50.435000+00:00,26606.0,23.0
2018-10-01 02:01:52.190000+00:00,26607.0,15.0
2018-10-01 02:01:56.398000+00:00,26605.0,23.0
2018-10-01 02:01:56.748000+00:00,26606.0,20.0
2018-10-01 02:01:57.450000+00:00,26605.0,23.0
2018-10-01 02:02:03.412000+00:00,26606.0,20.0
2018-10-01 02:02:07.270000+00:00,26607.0,20.0
2018-10-01 02:02:07.622000+00:00,26608.0,15.0
2018-10-01 02:02:13.236000+00:00,26609.0,15.0
2018-10-01 02:02:24.108000+00:00,26608.0,15.0
2018-10-01 02:02:24.459000+00:00,26609.0,20.0
2018-10-01 02:02:25.161000+00:00,26608.0,23.0
2018-10-01 02:02:40.955000+00:00,26609.0,15.0
2018-10-01 02:02:52.191000+00:00,26608.0,23.0
2018-10-01 02:02:57.102000+00:00,26609.0,15.0
2018-10-01 02:03:01.662000+00:00,26608.0,23.0
2018-10-01 02:03:34.974000+00:00,26609.0,15.0
2018-10-01 02:03:58.478000+00:00,26610.0,15.0
2018-10-01 02:04:01.636000+00:00,26611.0,23.0
2018-10-01 02:04:04.440000+00:00,26612.0,20.0
2018-10-01 02:04:06.194000+00:00,26611.0,15.0
2018-10-01 02:04:06.545000+00:00,26612.0,15.0
2018-10-01 02:04:09.350000+00:00,26611.0,23.0
2018-10-01 02:04:13.907000+00:00,26612.0,15.0
2018-10-01 02:04:15.312000+00:00,26611.0,23.0
2018-10-01 02:04:21.978000+00:00,26612.0,15.0
2018-10-01 02:04:55.654000+00:00,26613.0,15.0
2018-10-01 02:05:02.669000+00:00,26614.0,15.0
2018-10-01 02:05:05.825000+00:00,26613.0,23.0
2018-10-01 02:05:07.577000+00:00,26614.0,20.0
2018-10-01 02:05:11.083000+00:00,26615.0,15.0
2018-10-01 02:05:13.188000+00:00,26614.0,23.0
2018-10-01 02:05:21.608000+00:00,26615.0,15.0
2018-10-01 02:05:21.960000+00:00,26614.0,23.0
2018-10-01 02:05:22.662000+00:00,26615.0,15.0
2018-10-01 02:05:31.437000+00:00,26614.0,23.0
2018-10-01 02:05:35.298000+00:00,26615.0,15.0
2018-10-01 02:05:39.509000+00:00,26614.0,23.0
2018-10-01 02:05:40.560000+00:00,26615.0,15.0
2018-10-01 02:05:40.910000+00:00,26614.0,23.0
2018-10-01 02:05:51.088000+00:00,26613.0,23.0
2018-10-01 02:06:26.525000+00:00,26612.0,20.0
2018-10-01 02:06:28.632000+00:00,26613.0,15.0
2018-10-01 02:06:28.982000+00:00,26612.0,20.0
2018-10-01 02:07:12.830000+00:00,26613.0,15.0
2018-10-01 02:07:51.747000+00:00,26612.0,21.0
2018-10-01 02:07:52.451000+00:00,26611.0,21.0
2018-10-01 02:08:01.577000+00:00,26612.0,21.0
2018-10-01 02:08:30.684000+00:00,26613.0,15.0
2018-10-01 02:08:36.643000+00:00,26612.0,21.0
2018-10-01 02:08:38.047000+00:00,26613.0,15.0
2018-10-01 02:08:50.327000+00:00,26614.0,15.0
2018-10-01 02:08:53.133000+00:00,26613.0,21.0
2018-10-01 02:08:54.887000+00:00,26614.0,15.0
2018-10-01 02:08:55.238000+00:00,26613.0,21.0
2018-10-01 02:09:06.458000+00:00,26612.0,15.0
2018-10-01 02:09:13.121000+00:00,26613.0,15.0
2018-10-01 02:09:14.524000+00:00,26612.0,21.0
2018-10-01 02:09:14.875000+00:00,26613.0,15.0
2018-10-01 02:09:59.125000+00:00,26614.0,15.0
2018-10-01 02:10:00.883000+00:00,26613.0,20.0
2018-10-01 02:10:03.689000+00:00,26614.0,15.0
2018-10-01 02:10:21.220000+00:00,26613.0,20.0
2018-10-01 02:10:22.974000+00:00,26614.0,15.0
2018-10-01 02:10:26.831000+00:00,26615.0,15.0
2018-10-01 02:11:11.018000+00:00,26617.0,15.0
2018-10-01 02:11:13.124000+00:00,26619.0,15.0
2018-10-01 02:11:13.472000+00:00,26618.0,20.0
2018-10-01 02:11:15.925000+00:00,26619.0,15.0
2018-10-01 02:11:16.276000+00:00,26618.0,20.0
2018-10-01 02:11:16.976000+00:00,26619.0,15.0
2018-10-01 02:11:17.327000+00:00,26618.0,20.0
2018-10-01 02:11:24.690000+00:00,26617.0,20.0
2018-10-01 02:11:26.793000+00:00,26618.0,15.0
2018-10-01 02:11:34.507000+00:00,26619.0,15.0
2018-10-01 02:11:46.422000+00:00,26618.0,15.0
2018-10-01 02:11:50.628000+00:00,26617.0,15.0
2018-10-01 02:12:35.867000+00:00,26616.0,15.0
2018-10-01 02:12:36.568000+00:00,26617.0,15.0
2018-10-01 02:12:44.634000+00:00,26616.0,20.0
2018-10-01 02:12:47.788000+00:00,26617.0,20.0
2018-10-01 02:12:49.191000+00:00,26618.0,20.0
2018-10-01 02:13:22.489000+00:00,26619.0,15.0
2018-10-01 02:13:30.200000+00:00,26620.0,15.0
2018-10-01 02:13:43.166000+00:00,26619.0,15.0
2018-10-01 02:13:52.629000+00:00,26620.0,15.0
2018-10-01 02:14:03.844000+00:00,26622.0,15.0
2018-10-01 02:14:11.558000+00:00,26623.0,15.0
2018-10-01 02:14:13.661000+00:00,26622.0,15.0
2018-10-01 02:14:14.013000+00:00,26623.0,15.0
2018-10-01 02:14:24.178000+00:00,26624.0,15.0
2018-10-01 02:14:24.879000+00:00,26623.0,20.0
2018-10-01 02:14:25.932000+00:00,26622.0,20.0
2018-10-01 02:14:26.633000+00:00,26623.0,20.0
2018-10-01 02:14:27.688000+00:00,26624.0,20.0
2018-10-01 02:14:30.142000+00:00,26625.0,15.0
2018-10-01 02:14:30.493000+00:00,26624.0,20.0
2018-10-01 02:14:31.194000+00:00,26625.0,20.0
2018-10-01 02:14:40.311000+00:00,26626.0,15.0
2018-10-01 02:14:40.661000+00:00,26625.0,20.0
2018-10-01 02:14:41.362000+00:00,26626.0,15.0
2018-10-01 02:14:41.713000+00:00,26624.0,20.0
2018-10-01 02:14:42.063000+00:00,26625.0,20.0
2018-10-01 02:14:43.118000+00:00,26626.0,15.0
2018-10-01 02:14:44.172000+00:00,26625.0,20.0
2018-10-01 02:14:45.225000+00:00,26626.0,15.0
2018-10-01 02:14:45.574000+00:00,26625.0,20.0
2018-10-01 02:14:48.029000+00:00,26624.0,20.0
2018-10-01 02:14:50.131000+00:00,26625.0,15.0
2018-10-01 02:14:55.039000+00:00,26624.0,20.0
2018-10-01 02:15:00.300000+00:00,26625.0,15.0
2018-10-01 02:15:16.080000+00:00,26626.0,15.0
2018-10-01 02:15:18.885000+00:00,26625.0,20.0
2018-10-01 02:15:19.937000+00:00,26624.0,20.0
2018-10-01 02:15:32.207000+00:00,26623.0,20.0
2018-10-01 02:15:36.412000+00:00,26624.0,20.0
2018-10-01 02:15:49.171000+00:00,26625.0,15.0
2018-10-01 02:15:53.026000+00:00,26624.0,20.0
2018-10-01 02:15:59.331000+00:00,26625.0,15.0
2018-10-01 02:15:59.681000+00:00,26624.0,20.0
2018-10-01 02:16:10.546000+00:00,26623.0,20.0
2018-10-01 02:16:27.016000+00:00,26624.0,15.0
2018-10-01 02:16:30.519000+00:00,26623.0,20.0
2018-10-01 02:16:37.876000+00:00,26624.0,15.0
2018-10-01 02:16:43.839000+00:00,26623.0,15.0
2018-10-01 02:16:44.190000+00:00,26625.0,15.0
2018-10-01 02:16:44.542000+00:00,26626.0,15.0
2018-10-01 02:16:48.395000+00:00,26627.0,15.0
2018-10-01 02:16:54+00:00,26626.0,20.0
2018-10-01 02:17:02.414000+00:00,26627.0,20.0
2018-10-01 02:17:03.819000+00:00,26628.0,15.0
2018-10-01 02:17:05.223000+00:00,26639.0,20.0
2018-10-01 02:17:05.574000+00:00,26642.0,20.0
2018-10-01 02:17:06.276000+00:00,26643.0,20.0
2018-10-01 02:17:06.627000+00:00,26644.0,20.0
2018-10-01 02:17:06.978000+00:00,26646.0,15.0
2018-10-01 02:17:07.330000+00:00,26643.0,20.0
2018-10-01 02:17:07.681000+00:00,26642.0,20.0
2018-10-01 02:17:09.082000+00:00,26641.0,20.0
2018-10-01 02:17:09.433000+00:00,26639.0,15.0
2018-10-01 02:17:11.888000+00:00,26638.0,20.0
2018-10-01 02:17:13.642000+00:00,26639.0,15.0
2018-10-01 02:17:13.993000+00:00,26638.0,15.0
2018-10-01 02:17:18.201000+00:00,26639.0,15.0
2018-10-01 02:17:18.550000+00:00,26640.0,15.0
2018-10-01 02:17:18.901000+00:00,26639.0,15.0
2018-10-01 02:17:20.654000+00:00,26640.0,15.0
2018-10-01 02:17:21.706000+00:00,26641.0,15.0
2018-10-01 02:17:25.560000+00:00,26640.0,15.0
2018-10-01 02:17:25.912000+00:00,26639.0,15.0
2018-10-01 02:17:26.613000+00:00,26640.0,15.0
2018-10-01 02:17:29.065000+00:00,26639.0,20.0
2018-10-01 02:17:29.415000+00:00,26640.0,15.0
2018-10-01 02:17:29.767000+00:00,26639.0,20.0
2018-10-01 02:17:33.624000+00:00,26638.0,20.0
2018-10-01 02:17:34.677000+00:00,26639.0,15.0
2018-10-01 02:17:35.378000+00:00,26638.0,20.0
2018-10-01 02:17:37.834000+00:00,26637.0,20.0
2018-10-01 02:17:39.586000+00:00,26638.0,20.0
2018-10-01 02:17:39.936000+00:00,26637.0,20.0
2018-10-01 02:17:40.988000+00:00,26638.0,15.0
2018-10-01 02:17:42.390000+00:00,26637.0,20.0
2018-10-01 02:17:42.741000+00:00,26638.0,15.0
2018-10-01 02:17:43.091000+00:00,26637.0,20.0
2018-10-01 02:17:44.144000+00:00,26638.0,15.0
2018-10-01 02:17:44.494000+00:00,26637.0,20.0
2018-10-01 02:17:46.946000+00:00,26638.0,15.0
2018-10-01 02:17:50.453000+00:00,26637.0,15.0
2018-10-01 02:17:50.803000+00:00,26638.0,15.0
2018-10-01 02:17:52.208000+00:00,26637.0,20.0
2018-10-01 02:17:59.568000+00:00,26636.0,20.0
2018-10-01 02:18:00.270000+00:00,26637.0,15.0
2018-10-01 02:18:09.381000+00:00,26638.0,15.0
2018-10-01 02:18:12.184000+00:00,26637.0,20.0
2018-10-01 02:18:13.936000+00:00,26636.0,15.0
2018-10-01 02:18:14.287000+00:00,26637.0,15.0
2018-10-01 02:18:21.994000+00:00,26638.0,15.0
2018-10-01 02:18:22.345000+00:00,26637.0,20.0
2018-10-01 02:18:29.006000+00:00,26636.0,20.0
2018-10-01 02:18:29.355000+00:00,26637.0,15.0
2018-10-01 02:18:30.757000+00:00,26636.0,20.0
2018-10-01 02:18:31.808000+00:00,26637.0,15.0
2018-10-01 02:18:34.613000+00:00,26636.0,20.0
2018-10-01 02:18:34.964000+00:00,26637.0,15.0
2018-10-01 02:18:40.223000+00:00,26635.0,20.0
2018-10-01 02:18:45.128000+00:00,26636.0,15.0
2018-10-01 02:18:51.084000+00:00,26637.0,15.0
2018-10-01 02:18:55.992000+00:00,26638.0,15.0
2018-10-01 02:18:56.344000+00:00,26639.0,15.0
2018-10-01 02:18:57.044000+00:00,26638.0,20.0
2018-10-01 02:19:03.357000+00:00,26639.0,15.0
2018-10-01 02:19:10.017000+00:00,26640.0,15.0
2018-10-01 02:19:10.368000+00:00,26639.0,20.0
2018-10-01 02:19:12.821000+00:00,26640.0,15.0
2018-10-01 02:19:13.521000+00:00,26639.0,20.0
2018-10-01 02:19:24.778000+00:00,26640.0,15.0
2018-10-01 02:19:27.233000+00:00,26639.0,20.0
2018-10-01 02:19:39.501000+00:00,26640.0,15.0
2018-10-01 02:19:40.203000+00:00,26639.0,15.0
2018-10-01 02:19:48.968000+00:00,26638.0,20.0
2018-10-01 02:19:50.722000+00:00,26639.0,15.0
2018-10-01 02:19:51.074000+00:00,26638.0,20.0
2018-10-01 02:19:52.125000+00:00,26637.0,20.0
2018-10-01 02:19:55.631000+00:00,26638.0,15.0
2018-10-01 02:19:55.982000+00:00,26637.0,20.0
2018-10-01 02:19:58.790000+00:00,26636.0,20.0
2018-10-01 02:19:59.141000+00:00,26637.0,15.0
2018-10-01 02:20:00.900000+00:00,26638.0,15.0
2018-10-01 02:20:10.375000+00:00,26637.0,20.0
2018-10-01 02:20:13.882000+00:00,26636.0,20.0
2018-10-01 02:20:14.232000+00:00,26637.0,15.0
2018-10-01 02:20:15.284000+00:00,26636.0,20.0
2018-10-01 02:20:19.140000+00:00,26637.0,15.0
2018-10-01 02:20:20.542000+00:00,26636.0,20.0
2018-10-01 02:20:22.646000+00:00,26635.0,20.0
2018-10-01 02:20:27.907000+00:00,26634.0,20.0
2018-10-01 02:20:28.257000+00:00,26635.0,15.0
2018-10-01 02:20:32.466000+00:00,26636.0,15.0
2018-10-01 02:20:36.328000+00:00,26635.0,20.0
2018-10-01 02:20:37.031000+00:00,26636.0,15.0
2018-10-01 02:20:40.891000+00:00,26635.0,15.0
2018-10-01 02:20:41.241000+00:00,26634.0,20.0
2018-10-01 02:20:41.591000+00:00,26635.0,15.0
2018-10-01 02:20:43.345000+00:00,26634.0,20.0
2018-10-01 02:20:44.047000+00:00,26635.0,15.0
2018-10-01 02:20:44.397000+00:00,26634.0,20.0
2018-10-01 02:20:45.101000+00:00,26635.0,15.0
2018-10-01 02:20:47.206000+00:00,26634.0,20.0
2018-10-01 02:20:50.711000+00:00,26635.0,15.0
2018-10-01 02:20:52.463000+00:00,26636.0,15.0
2018-10-01 02:20:52.816000+00:00,26635.0,20.0
2018-10-01 02:20:53.516000+00:00,26634.0,20.0
2018-10-01 02:20:56.674000+00:00,26633.0,15.0
2018-10-01 02:20:57.726000+00:00,26634.0,15.0
2018-10-01 02:21:01.235000+00:00,26633.0,15.0
2018-10-01 02:21:02.989000+00:00,26634.0,15.0
2018-10-01 02:21:03.341000+00:00,26635.0,15.0
2018-10-01 02:21:04.042000+00:00,26636.0,15.0
2018-10-01 02:21:06.495000+00:00,26637.0,15.0
2018-10-01 02:21:24.378000+00:00,26636.0,20.0
2018-10-01 02:21:30.683000+00:00,26637.0,15.0
2018-10-01 02:21:34.888000+00:00,26638.0,15.0
2018-10-01 02:21:35.941000+00:00,26637.0,15.0
2018-10-01 02:21:59.787000+00:00,26638.0,15.0
2018-10-01 02:22:05.048000+00:00,26637.0,15.0
2018-10-01 02:22:07.855000+00:00,26638.0,15.0
2018-10-01 02:22:17.324000+00:00,26639.0,15.0
2018-10-01 02:22:17.674000+00:00,26640.0,15.0
2018-10-01 02:22:24.684000+00:00,26639.0,20.0
2018-10-01 02:22:27.839000+00:00,26640.0,20.0
2018-10-01 02:22:29.241000+00:00,26639.0,20.0
2018-10-01 02:22:31.798000+00:00,26638.0,20.0
2018-10-01 02:22:32.149000+00:00,26639.0,15.0
2018-10-01 02:22:33.553000+00:00,26638.0,20.0
2018-10-01 02:22:35.656000+00:00,26639.0,15.0
2018-10-01 02:22:37.762000+00:00,26638.0,20.0
2018-10-01 02:22:41.970000+00:00,26637.0,20.0
2018-10-01 02:22:43.723000+00:00,26638.0,20.0
2018-10-01 02:22:45.127000+00:00,26637.0,20.0
2018-10-01 02:22:46.177000+00:00,26638.0,15.0
2018-10-01 02:22:48.630000+00:00,26639.0,15.0
2018-10-01 02:22:52.139000+00:00,26640.0,15.0
2018-10-01 02:23:17.738000+00:00,26642.0,15.0
2018-10-01 02:23:19.491000+00:00,26643.0,15.0
2018-10-01 02:23:26.502000+00:00,26644.0,15.0
2018-10-01 02:23:27.554000+00:00,26645.0,15.0
2018-10-01 02:23:29.306000+00:00,26644.0,15.0
2018-10-01 02:23:55.274000+00:00,26643.0,20.0
2018-10-01 02:23:56.675000+00:00,26644.0,15.0
2018-10-01 02:24:00.179000+00:00,26643.0,20.0
2018-10-01 02:24:04.386000+00:00,26644.0,15.0
2018-10-01 02:24:05.086000+00:00,26643.0,20.0
2018-10-01 02:24:06.839000+00:00,26642.0,20.0
2018-10-01 02:24:27.864000+00:00,26641.0,20.0
2018-10-01 02:24:30.670000+00:00,26640.0,20.0
2018-10-01 02:24:34.173000+00:00,26641.0,15.0
2018-10-01 02:24:38.028000+00:00,26640.0,20.0
2018-10-01 02:24:38.378000+00:00,26641.0,15.0
2018-10-01 02:24:40.130000+00:00,26640.0,20.0
2018-10-01 02:24:42.584000+00:00,26641.0,15.0
2018-10-01 02:24:44.337000+00:00,26640.0,20.0
2018-10-01 02:24:49.946000+00:00,26641.0,20.0
2018-10-01 02:24:50.648000+00:00,26640.0,20.0
2018-10-01 02:25:05.732000+00:00,26641.0,15.0
2018-10-01 02:25:07.485000+00:00,26642.0,15.0
2018-10-01 02:25:07.835000+00:00,26641.0,15.0
2018-10-01 02:25:15.542000+00:00,26642.0,15.0
2018-10-01 02:25:18.695000+00:00,26640.0,15.0
2018-10-01 02:25:27.805000+00:00,26639.0,20.0
2018-10-01 02:25:31.310000+00:00,26638.0,20.0
2018-10-01 02:25:35.516000+00:00,26639.0,15.0
2018-10-01 02:25:42.962000+00:00,26640.0,15.0
2018-10-01 02:25:43.662000+00:00,26639.0,20.0
2018-10-01 02:26:05.392000+00:00,26640.0,15.0
2018-10-01 02:26:05.743000+00:00,26639.0,20.0
2018-10-01 02:26:07.145000+00:00,26640.0,15.0
2018-10-01 02:26:08.546000+00:00,26639.0,20.0
2018-10-01 02:26:11+00:00,26640.0,15.0
2018-10-01 02:26:12.401000+00:00,26639.0,20.0
2018-10-01 02:26:17.659000+00:00,26638.0,20.0
2018-10-01 02:26:21.513000+00:00,26639.0,15.0
2018-10-01 02:26:30.976000+00:00,26640.0,15.0
2018-10-01 02:26:31.326000+00:00,26639.0,20.0
2018-10-01 02:26:39.782000+00:00,26640.0,20.0
2018-10-01 02:26:57.373000+00:00,26639.0,20.0
2018-10-01 02:26:58.480000+00:00,26638.0,20.0
2018-10-01 02:27:05.488000+00:00,26639.0,15.0
2018-10-01 02:27:06.539000+00:00,26638.0,20.0
2018-10-01 02:27:21.263000+00:00,26639.0,20.0
2018-10-01 02:27:28.972000+00:00,26641.0,15.0
2018-10-01 02:27:37.032000+00:00,26640.0,20.0
2018-10-01 02:27:45.440000+00:00,26641.0,15.0
2018-10-01 02:27:47.192000+00:00,26640.0,20.0
2018-10-01 02:27:55.024000+00:00,26641.0,15.0
2018-10-01 02:28:00.687000+00:00,26640.0,20.0
2018-10-01 02:28:06.299000+00:00,26642.0,15.0
2018-10-01 02:28:06.651000+00:00,26641.0,20.0
2018-10-01 02:28:17.167000+00:00,26640.0,20.0
2018-10-01 02:28:18.921000+00:00,26642.0,20.0
2018-10-01 02:28:20.328000+00:00,26641.0,20.0
2018-10-01 02:28:21.379000+00:00,26642.0,15.0
2018-10-01 02:28:21.730000+00:00,26641.0,20.0
2018-10-01 02:28:23.836000+00:00,26643.0,15.0
2018-10-01 02:28:24.187000+00:00,26642.0,20.0
2018-10-01 02:28:33.999000+00:00,26644.0,15.0
2018-10-01 02:28:35.400000+00:00,26643.0,20.0
2018-10-01 02:28:39.258000+00:00,26644.0,15.0
2018-10-01 02:28:57.132000+00:00,26645.0,15.0
2018-10-01 02:28:58.187000+00:00,26646.0,15.0
2018-10-01 02:28:58.538000+00:00,26645.0,20.0
2018-10-01 02:28:59.589000+00:00,26646.0,15.0
2018-10-01 02:29:01.342000+00:00,26645.0,20.0
2018-10-01 02:29:08.350000+00:00,26643.0,20.0
2018-10-01 02:29:08.701000+00:00,26644.0,20.0
2018-10-01 02:29:11.155000+00:00,26643.0,20.0
2018-10-01 02:29:12.206000+00:00,26644.0,15.0
2018-10-01 02:29:12.556000+00:00,26643.0,20.0
2018-10-01 02:29:19.919000+00:00,26642.0,19.0
2018-10-01 02:29:22.372000+00:00,26643.0,15.0
2018-10-01 02:29:24.125000+00:00,26642.0,18.0
2018-10-01 02:29:30.438000+00:00,26641.0,18.0
2018-10-01 02:29:33.243000+00:00,26642.0,15.0
2018-10-01 02:29:41.658000+00:00,26641.0,18.0
2018-10-01 02:29:42.713000+00:00,26642.0,15.0
2018-10-01 02:29:46.215000+00:00,26641.0,18.0
2018-10-01 02:29:48.668000+00:00,26640.0,18.0
2018-10-01 02:29:49.019000+00:00,26641.0,15.0
2018-10-01 02:29:51.122000+00:00,26640.0,18.0
2018-10-01 02:30:13.205000+00:00,26641.0,15.0
2018-10-01 02:30:15.308000+00:00,26642.0,18.0
2018-10-01 02:30:29.945000+00:00,26641.0,18.0
2018-10-01 02:30:33.803000+00:00,26642.0,15.0
2018-10-01 02:30:34.504000+00:00,26641.0,18.0
2018-10-01 02:30:38.010000+00:00,26640.0,15.0
2018-10-01 02:30:38.360000+00:00,26639.0,18.0
2018-10-01 02:30:40.816000+00:00,26640.0,15.0
2018-10-01 02:30:41.167000+00:00,26639.0,18.0
2018-10-01 02:30:42.571000+00:00,26640.0,18.0
2018-10-01 02:30:45.028000+00:00,26641.0,18.0
2018-10-01 02:30:52.742000+00:00,26640.0,18.0
2018-10-01 02:30:53.445000+00:00,26641.0,15.0
2018-10-01 02:30:56.247000+00:00,26640.0,18.0
2018-10-01 02:31:10.616000+00:00,26639.0,18.0
2018-10-01 02:31:10.965000+00:00,26640.0,15.0
2018-10-01 02:31:13.420000+00:00,26641.0,15.0
2018-10-01 02:31:26.741000+00:00,26640.0,18.0
2018-10-01 02:31:29.196000+00:00,26641.0,18.0
2018-10-01 02:31:40.407000+00:00,26644.0,18.0
2018-10-01 02:31:42.860000+00:00,26645.0,15.0
2018-10-01 02:31:45.314000+00:00,26644.0,18.0
2018-10-01 02:31:53.379000+00:00,26645.0,15.0
2018-10-01 02:31:57.585000+00:00,26646.0,15.0
2018-10-01 02:32:00.393000+00:00,26645.0,18.0
2018-10-01 02:32:03.198000+00:00,26646.0,15.0
2018-10-01 02:32:03.549000+00:00,26645.0,18.0
2018-10-01 02:32:13.012000+00:00,26644.0,18.0
2018-10-01 02:32:14.765000+00:00,26645.0,15.0
2018-10-01 02:32:22.125000+00:00,26644.0,18.0
2018-10-01 02:32:35.094000+00:00,26647.0,18.0
2018-10-01 02:32:35.447000+00:00,26649.0,15.0
2018-10-01 02:32:36.500000+00:00,26650.0,15.0
2018-10-01 02:32:37.553000+00:00,26655.0,15.0
2018-10-01 02:32:37.905000+00:00,26658.0,15.0
2018-10-01 02:32:40.009000+00:00,26657.0,18.0
2018-10-01 02:32:40.360000+00:00,26656.0,18.0
2018-10-01 02:32:41.411000+00:00,26655.0,18.0
2018-10-01 02:32:47.367000+00:00,26654.0,18.0
2018-10-01 02:32:47.717000+00:00,26655.0,18.0
2018-10-01 02:32:48.770000+00:00,26656.0,15.0
2018-10-01 02:32:53.327000+00:00,26658.0,15.0
2018-10-01 02:32:53.677000+00:00,26657.0,18.0
2018-10-01 02:32:57.887000+00:00,26658.0,18.0
2018-10-01 02:32:58.237000+00:00,26657.0,18.0
2018-10-01 02:32:58.587000+00:00,26658.0,15.0
2018-10-01 02:32:58.937000+00:00,26657.0,18.0
2018-10-01 02:32:59.288000+00:00,26658.0,15.0
2018-10-01 02:32:59.640000+00:00,26657.0,18.0
2018-10-01 02:33:03.845000+00:00,26656.0,18.0
2018-10-01 02:33:05.949000+00:00,26655.0,15.0
2018-10-01 02:33:06.301000+00:00,26654.0,18.0
2018-10-01 02:33:11.908000+00:00,26652.0,18.0
2018-10-01 02:33:12.609000+00:00,26653.0,15.0
2018-10-01 02:33:14.714000+00:00,26652.0,15.0
2018-10-01 02:33:15.416000+00:00,26651.0,15.0
2018-10-01 02:33:15.767000+00:00,26650.0,15.0
2018-10-01 02:33:16.117000+00:00,26651.0,15.0
2018-10-01 02:33:16.819000+00:00,26653.0,18.0
2018-10-01 02:33:17.171000+00:00,26654.0,18.0
2018-10-01 02:33:17.521000+00:00,26655.0,15.0
2018-10-01 02:33:18.923000+00:00,26656.0,15.0
2018-10-01 02:33:20.675000+00:00,26655.0,18.0
2018-10-01 02:33:24.530000+00:00,26654.0,18.0
2018-10-01 02:33:25.231000+00:00,26655.0,15.0
2018-10-01 02:33:25.583000+00:00,26654.0,18.0
2018-10-01 02:33:28.034000+00:00,26653.0,18.0
2018-10-01 02:33:28.385000+00:00,26656.0,18.0
2018-10-01 02:33:29.787000+00:00,26657.0,15.0
2018-10-01 02:33:45.906000+00:00,26656.0,18.0
2018-10-01 02:33:55.019000+00:00,26655.0,18.0
2018-10-01 02:33:57.823000+00:00,26654.0,15.0
2018-10-01 02:34:04.138000+00:00,26655.0,15.0
2018-10-01 02:34:04.488000+00:00,26656.0,15.0
2018-10-01 02:34:05.890000+00:00,26655.0,15.0
2018-10-01 02:34:11.495000+00:00,26656.0,15.0
2018-10-01 02:34:13.948000+00:00,26657.0,15.0
2018-10-01 02:34:16.050000+00:00,26656.0,18.0
2018-10-01 02:34:24.109000+00:00,26657.0,15.0
2018-10-01 02:34:24.811000+00:00,26656.0,18.0
2018-10-01 02:34:28.666000+00:00,26654.0,18.0
2018-10-01 02:34:29.017000+00:00,26655.0,15.0
2018-10-01 02:34:34.626000+00:00,26654.0,15.0
2018-10-01 02:34:35.677000+00:00,26655.0,15.0
2018-10-01 02:34:36.029000+00:00,26654.0,15.0
2018-10-01 02:34:36.731000+00:00,26655.0,15.0
2018-10-01 02:34:38.833000+00:00,26654.0,15.0
2018-10-01 02:34:39.535000+00:00,26655.0,15.0
2018-10-01 02:34:40.238000+00:00,26654.0,18.0
2018-10-01 02:34:40.589000+00:00,26655.0,15.0
2018-10-01 02:34:41.639000+00:00,26654.0,18.0
2018-10-01 02:34:42.691000+00:00,26652.0,18.0
2018-10-01 02:34:43.393000+00:00,26651.0,15.0
2018-10-01 02:34:44.093000+00:00,26652.0,15.0
2018-10-01 02:34:46.545000+00:00,26653.0,15.0
2018-10-01 02:34:47.246000+00:00,26654.0,15.0
2018-10-01 02:34:47.596000+00:00,26653.0,18.0
2018-10-01 02:34:49.348000+00:00,26652.0,18.0
2018-10-01 02:34:50.049000+00:00,26653.0,15.0
2018-10-01 02:35:05.469000+00:00,26654.0,15.0
2018-10-01 02:35:06.171000+00:00,26656.0,15.0
2018-10-01 02:35:13.884000+00:00,26657.0,15.0
2018-10-01 02:35:14.586000+00:00,26658.0,15.0
2018-10-01 02:35:15.637000+00:00,26659.0,15.0
2018-10-01 02:35:18.092000+00:00,26658.0,18.0
2018-10-01 02:35:21.947000+00:00,26659.0,15.0
2018-10-01 02:35:30.359000+00:00,26658.0,18.0
2018-10-01 02:36:09.645000+00:00,26659.0,15.0
2018-10-01 02:36:11.748000+00:00,26660.0,15.0
2018-10-01 02:36:12.800000+00:00,26661.0,15.0
2018-10-01 02:36:14.204000+00:00,26662.0,18.0
2018-10-01 02:36:14.906000+00:00,26663.0,18.0
2018-10-01 02:36:15.259000+00:00,26664.0,18.0
2018-10-01 02:36:15.609000+00:00,26665.0,15.0
2018-10-01 02:36:17.011000+00:00,26664.0,15.0
2018-10-01 02:36:20.166000+00:00,26665.0,15.0
2018-10-01 02:36:25.774000+00:00,26664.0,15.0
2018-10-01 02:36:26.826000+00:00,26665.0,15.0
2018-10-01 02:36:31.386000+00:00,26666.0,15.0
2018-10-01 02:36:32.438000+00:00,26665.0,17.0
2018-10-01 02:36:33.841000+00:00,26664.0,17.0
2018-10-01 02:36:34.191000+00:00,26665.0,17.0
2018-10-01 02:36:34.891000+00:00,26666.0,17.0
2018-10-01 02:36:37.696000+00:00,26665.0,17.0
2018-10-01 02:36:39.799000+00:00,26666.0,15.0
2018-10-01 02:36:40.850000+00:00,26665.0,17.0
2018-10-01 02:36:46.463000+00:00,26662.0,17.0
2018-10-01 02:36:46.813000+00:00,26663.0,15.0
2018-10-01 02:36:47.512000+00:00,26662.0,17.0
2018-10-01 02:36:48.213000+00:00,26663.0,15.0
2018-10-01 02:36:49.968000+00:00,26662.0,17.0
2018-10-01 02:36:51.368000+00:00,26661.0,17.0
2018-10-01 02:37:09.589000+00:00,26660.0,17.0
2018-10-01 02:37:10.290000+00:00,26661.0,15.0
2018-10-01 02:37:10.991000+00:00,26660.0,17.0
2018-10-01 02:37:14.847000+00:00,26661.0,15.0
2018-10-01 02:37:16.252000+00:00,26660.0,17.0
2018-10-01 02:37:22.565000+00:00,26661.0,17.0
2018-10-01 02:37:37.642000+00:00,26662.0,17.0
2018-10-01 02:37:40.448000+00:00,26663.0,15.0
2018-10-01 02:37:40.797000+00:00,26662.0,17.0
2018-10-01 02:37:43.600000+00:00,26663.0,15.0
2018-10-01 02:37:43.952000+00:00,26662.0,17.0
2018-10-01 02:37:55.164000+00:00,26663.0,15.0
2018-10-01 02:37:57.971000+00:00,26664.0,15.0
2018-10-01 02:38:04.276000+00:00,26663.0,15.0
2018-10-01 02:38:04.977000+00:00,26664.0,15.0
2018-10-01 02:38:08.483000+00:00,26665.0,15.0
2018-10-01 02:38:11.290000+00:00,26666.0,15.0
2018-10-01 02:38:13.044000+00:00,26665.0,17.0
2018-10-01 02:38:17.951000+00:00,26666.0,15.0
2018-10-01 02:38:18.651000+00:00,26665.0,17.0
2018-10-01 02:38:23.557000+00:00,26666.0,15.0
2018-10-01 02:38:23.908000+00:00,26665.0,17.0
2018-10-01 02:38:26.012000+00:00,26666.0,17.0
2018-10-01 02:38:30.573000+00:00,26667.0,17.0
2018-10-01 02:38:37.933000+00:00,26668.0,15.0
2018-10-01 02:38:42.490000+00:00,26667.0,15.0
2018-10-01 02:38:46.696000+00:00,26668.0,15.0
2018-10-01 02:38:49.152000+00:00,26667.0,17.0
2018-10-01 02:39:02.478000+00:00,26666.0,17.0
2018-10-01 02:39:07.390000+00:00,26667.0,15.0
2018-10-01 02:39:11.595000+00:00,26666.0,17.0
2018-10-01 02:39:11.946000+00:00,26667.0,17.0
2018-10-01 02:39:15.453000+00:00,26666.0,17.0
2018-10-01 02:39:23.863000+00:00,26665.0,17.0
2018-10-01 02:39:37.879000+00:00,26664.0,17.0
2018-10-01 02:39:41.033000+00:00,26665.0,15.0
2018-10-01 02:39:41.383000+00:00,26664.0,17.0
2018-10-01 02:39:51.896000+00:00,26663.0,17.0
2018-10-01 02:39:56.808000+00:00,26662.0,17.0
2018-10-01 02:39:57.511000+00:00,26664.0,15.0
2018-10-01 02:39:59.264000+00:00,26665.0,15.0
2018-10-01 02:39:59.615000+00:00,26664.0,17.0
2018-10-01 02:40:03.826000+00:00,26663.0,17.0
2018-10-01 02:40:04.879000+00:00,26662.0,17.0
2018-10-01 02:40:07.683000+00:00,26663.0,17.0
2018-10-01 02:40:09.787000+00:00,26662.0,17.0
2018-10-01 02:40:11.189000+00:00,26661.0,17.0
2018-10-01 02:40:16.096000+00:00,26662.0,17.0
2018-10-01 02:40:18.553000+00:00,26661.0,15.0
2018-10-01 02:40:18.904000+00:00,26662.0,15.0
2018-10-01 02:40:20.309000+00:00,26663.0,15.0
2018-10-01 02:40:22.761000+00:00,26664.0,15.0
2018-10-01 02:40:25.914000+00:00,26663.0,17.0
2018-10-01 02:40:26.618000+00:00,26662.0,17.0
2018-10-01 02:40:33.630000+00:00,26661.0,17.0
2018-10-01 02:40:37.839000+00:00,26660.0,17.0
2018-10-01 02:40:40.295000+00:00,26661.0,15.0
2018-10-01 02:40:42.397000+00:00,26662.0,15.0
2018-10-01 02:40:59.913000+00:00,26661.0,15.0
2018-10-01 02:41:00.264000+00:00,26662.0,15.0
2018-10-01 02:41:05.521000+00:00,26663.0,15.0
2018-10-01 02:41:11.829000+00:00,26662.0,17.0
2018-10-01 02:41:16.736000+00:00,26661.0,17.0
2018-10-01 02:41:28.300000+00:00,26660.0,15.0
2018-10-01 02:41:35.661000+00:00,26659.0,17.0
2018-10-01 02:41:37.765000+00:00,26660.0,17.0
2018-10-01 02:41:38.465000+00:00,26659.0,17.0
2018-10-01 02:41:39.866000+00:00,26660.0,15.0
2018-10-01 02:41:41.968000+00:00,26659.0,15.0
2018-10-01 02:41:53.185000+00:00,26658.0,17.0
2018-10-01 02:41:53.885000+00:00,26659.0,15.0
2018-10-01 02:41:55.287000+00:00,26660.0,15.0
2018-10-01 02:41:55.987000+00:00,26659.0,17.0
2018-10-01 02:41:58.091000+00:00,26660.0,15.0
2018-10-01 02:41:58.441000+00:00,26659.0,17.0
2018-10-01 02:42:05.454000+00:00,26660.0,15.0
2018-10-01 02:42:07.908000+00:00,26659.0,17.0
2018-10-01 02:42:12.462000+00:00,26660.0,17.0
2018-10-01 02:42:13.163000+00:00,26661.0,15.0
2018-10-01 02:42:14.391000+00:00,26660.0,17.0
2018-10-01 02:42:16.844000+00:00,26661.0,15.0
2018-10-01 02:42:21.752000+00:00,26663.0,15.0
2018-10-01 02:42:24.556000+00:00,26662.0,17.0
2018-10-01 02:42:27.359000+00:00,26663.0,15.0
2018-10-01 02:42:28.410000+00:00,26662.0,17.0
2018-10-01 02:42:30.513000+00:00,26663.0,15.0
2018-10-01 02:42:32.265000+00:00,26662.0,17.0
2018-10-01 02:42:36.480000+00:00,26663.0,15.0
2018-10-01 02:42:38.583000+00:00,26662.0,17.0
2018-10-01 02:42:39.987000+00:00,26663.0,15.0
2018-10-01 02:42:44.545000+00:00,26662.0,17.0
2018-10-01 02:42:45.244000+00:00,26663.0,15.0
2018-10-01 02:42:51.902000+00:00,26662.0,17.0
2018-10-01 02:43:03.115000+00:00,26661.0,15.0
2018-10-01 02:43:06.969000+00:00,26662.0,15.0
2018-10-01 02:43:14.329000+00:00,26661.0,17.0
2018-10-01 02:43:23.087000+00:00,26662.0,15.0
2018-10-01 02:43:26.941000+00:00,26661.0,17.0
2018-10-01 02:43:42.367000+00:00,26662.0,15.0
2018-10-01 02:43:44.118000+00:00,26661.0,17.0
2018-10-01 02:43:45.872000+00:00,26662.0,15.0
2018-10-01 02:43:47.274000+00:00,26663.0,15.0
2018-10-01 02:43:51.127000+00:00,26664.0,15.0
2018-10-01 02:43:56.734000+00:00,26665.0,15.0
2018-10-01 02:44:01.990000+00:00,26666.0,15.0
2018-10-01 02:44:06.895000+00:00,26667.0,15.0
2018-10-01 02:44:07.596000+00:00,26666.0,17.0
2018-10-01 02:44:16.358000+00:00,26665.0,17.0
2018-10-01 02:44:17.760000+00:00,26664.0,17.0
2018-10-01 02:44:19.163000+00:00,26665.0,15.0
2018-10-01 02:44:23.368000+00:00,26664.0,17.0
2018-10-01 02:44:34.582000+00:00,26663.0,17.0
2018-10-01 02:44:44.262000+00:00,26664.0,17.0
2018-10-01 02:44:49.170000+00:00,26665.0,15.0
2018-10-01 02:44:51.974000+00:00,26663.0,17.0
2018-10-01 02:44:53.726000+00:00,26662.0,17.0
2018-10-01 02:44:54.428000+00:00,26664.0,15.0
2018-10-01 02:44:58.455000+00:00,26663.0,17.0
2018-10-01 02:44:59.856000+00:00,26664.0,15.0
2018-10-01 02:45:07.222000+00:00,26665.0,15.0
2018-10-01 02:45:10.028000+00:00,26664.0,15.0
2018-10-01 02:45:10.728000+00:00,26665.0,15.0
2018-10-01 02:45:13.884000+00:00,26664.0,17.0
2018-10-01 02:45:18.788000+00:00,26665.0,15.0
2018-10-01 02:45:19.140000+00:00,26664.0,17.0
2018-10-01 02:45:25.095000+00:00,26663.0,17.0
2018-10-01 02:45:39.820000+00:00,26662.0,17.0
2018-10-01 02:46:04.721000+00:00,26661.0,16.0
2018-10-01 02:46:07.175000+00:00,26660.0,16.0
2018-10-01 02:46:12.082000+00:00,26661.0,15.0
2018-10-01 02:46:14.884000+00:00,26660.0,16.0
2018-10-01 02:46:15.235000+00:00,26661.0,15.0
2018-10-01 02:46:20.488000+00:00,26660.0,16.0
2018-10-01 02:46:23.642000+00:00,26661.0,15.0
2018-10-01 02:46:25.393000+00:00,26660.0,16.0
2018-10-01 02:46:27.496000+00:00,26659.0,16.0
2018-10-01 02:46:58.433000+00:00,26658.0,16.0
2018-10-01 02:46:59.835000+00:00,26660.0,16.0
2018-10-01 02:47:57.118000+00:00,26661.0,15.0
2018-10-01 02:47:58.173000+00:00,26659.0,16.0
2018-10-01 02:47:59.924000+00:00,26658.0,16.0
2018-10-01 02:48:33.577000+00:00,26657.0,16.0
2018-10-01 02:48:34.631000+00:00,26658.0,15.0
2018-10-01 02:48:35.680000+00:00,26657.0,16.0
2018-10-01 02:48:41.987000+00:00,26656.0,16.0
2018-10-01 02:48:43.738000+00:00,26657.0,15.0
2018-10-01 02:48:52.145000+00:00,26656.0,16.0
2018-10-01 02:49:01.388000+00:00,26657.0,15.0
2018-10-01 02:49:03.840000+00:00,26656.0,16.0
2018-10-01 02:49:08.744000+00:00,26657.0,15.0
2018-10-01 02:49:11.546000+00:00,26656.0,16.0
2018-10-01 02:49:17.672000+00:00,26657.0,15.0
2018-10-01 02:49:19.076000+00:00,26656.0,16.0
2018-10-01 02:49:27.840000+00:00,26657.0,15.0
2018-10-01 02:49:32.394000+00:00,26656.0,16.0
2018-10-01 02:49:35.554000+00:00,26657.0,16.0
2018-10-01 02:49:37.307000+00:00,26658.0,15.0
2018-10-01 02:49:38.358000+00:00,26657.0,16.0
2018-10-01 02:49:48.874000+00:00,26656.0,16.0
2018-10-01 02:49:57.636000+00:00,26657.0,16.0
2018-10-01 02:49:57.987000+00:00,26658.0,16.0
2018-10-01 02:50:00.089000+00:00,26657.0,16.0
2018-10-01 02:50:18.669000+00:00,26658.0,15.0
2018-10-01 02:50:21.122000+00:00,26657.0,16.0
2018-10-01 02:50:27.428000+00:00,26658.0,15.0
2018-10-01 02:50:36.545000+00:00,26659.0,15.0
2018-10-01 02:50:37.947000+00:00,26660.0,15.0
2018-10-01 02:50:41.451000+00:00,26661.0,15.0
2018-10-01 02:50:43.204000+00:00,26660.0,16.0
2018-10-01 02:50:55.115000+00:00,26659.0,16.0
2018-10-01 02:50:58.970000+00:00,26658.0,16.0
2018-10-01 02:51:00.021000+00:00,26659.0,16.0
2018-10-01 02:51:00.372000+00:00,26658.0,16.0
2018-10-01 02:51:01.424000+00:00,26659.0,16.0
2018-10-01 02:51:02.825000+00:00,26660.0,16.0
2018-10-01 02:51:03.525000+00:00,26659.0,16.0
2018-10-01 02:51:04.927000+00:00,26660.0,16.0
2018-10-01 02:51:08.780000+00:00,26659.0,16.0
2018-10-01 02:51:09.130000+00:00,26658.0,16.0
2018-10-01 02:51:21.391000+00:00,26659.0,16.0
2018-10-01 02:51:34.705000+00:00,26660.0,16.0
2018-10-01 02:51:37.161000+00:00,26659.0,16.0
2018-10-01 02:51:39.963000+00:00,26660.0,16.0
2018-10-01 02:51:43.816000+00:00,26659.0,16.0
2018-10-01 02:51:49.072000+00:00,26660.0,16.0
2018-10-01 02:51:53.625000+00:00,26659.0,16.0
2018-10-01 02:52:03.478000+00:00,26660.0,16.0
2018-10-01 02:52:04.529000+00:00,26659.0,16.0
2018-10-01 02:52:20.642000+00:00,26660.0,16.0
2018-10-01 02:52:40.261000+00:00,26659.0,16.0
2018-10-01 02:52:48.319000+00:00,26658.0,16.0
2018-10-01 02:53:12.150000+00:00,26657.0,16.0
2018-10-01 02:53:15.305000+00:00,26658.0,16.0
2018-10-01 02:53:16.356000+00:00,26657.0,16.0
2018-10-01 02:53:22.666000+00:00,26656.0,16.0
2018-10-01 02:53:23.366000+00:00,26657.0,16.0
2018-10-01 02:53:29.325000+00:00,26658.0,16.0
2018-10-01 02:53:29.677000+00:00,26657.0,16.0
2018-10-01 02:53:30.026000+00:00,26658.0,16.0
2018-10-01 02:53:33.264000+00:00,26657.0,16.0
2018-10-01 02:54:01.656000+00:00,26656.0,16.0
2018-10-01 02:54:47.211000+00:00,26655.0,16.0
2018-10-01 02:54:54.219000+00:00,26654.0,16.0
2018-10-01 02:54:55.271000+00:00,26655.0,16.0
2018-10-01 02:54:57.722000+00:00,26656.0,16.0
2018-10-01 02:54:58.073000+00:00,26655.0,16.0
2018-10-01 02:55:07.534000+00:00,26656.0,16.0
2018-10-01 02:55:18.757000+00:00,26657.0,16.0
2018-10-01 02:55:19.809000+00:00,26656.0,16.0
2018-10-01 02:55:23.312000+00:00,26657.0,16.0
2018-10-01 02:55:27.892000+00:00,26656.0,16.0
2018-10-01 02:55:42.974000+00:00,26655.0,16.0
2018-10-01 02:55:45.779000+00:00,26656.0,16.0
2018-10-01 02:55:46.831000+00:00,26655.0,16.0
2018-10-01 02:55:53.841000+00:00,26656.0,16.0
2018-10-01 02:55:55.946000+00:00,26655.0,16.0
2018-10-01 02:55:56.296000+00:00,26654.0,16.0
2018-10-01 02:55:57.697000+00:00,26656.0,16.0
2018-10-01 02:55:59.451000+00:00,26655.0,16.0
2018-10-01 02:56:01.906000+00:00,26656.0,16.0
2018-10-01 02:56:02.958000+00:00,26655.0,16.0
2018-10-01 02:56:27.495000+00:00,26654.0,16.0
2018-10-01 02:56:32.054000+00:00,26655.0,16.0
2018-10-01 02:56:37.659000+00:00,26654.0,16.0
2018-10-01 02:56:52.728000+00:00,26655.0,16.0
2018-10-01 02:56:53.428000+00:00,26654.0,16.0
2018-10-01 02:56:55.531000+00:00,26655.0,16.0
2018-10-01 02:57:05.693000+00:00,26654.0,16.0
2018-10-01 02:57:07.447000+00:00,26655.0,16.0
2018-10-01 02:57:07.798000+00:00,26653.0,16.0
2018-10-01 02:57:19.363000+00:00,26652.0,16.0
2018-10-01 02:57:21.819000+00:00,26653.0,16.0
2018-10-01 02:57:24.275000+00:00,26652.0,16.0
2018-10-01 02:57:25.682000+00:00,26653.0,16.0
2018-10-01 02:58:00.393000+00:00,26654.0,16.0
2018-10-01 02:58:34.390000+00:00,26653.0,16.0
2018-10-01 02:59:03.482000+00:00,26654.0,16.0
2018-10-01 02:59:04.884000+00:00,26653.0,16.0
2018-10-01 02:59:08.737000+00:00,26654.0,16.0
2018-10-01 02:59:18.906000+00:00,26653.0,16.0
2018-10-01 02:59:47.996000+00:00,26654.0,16.0
2018-10-01 02:59:56.058000+00:00,26653.0,16.0
2018-10-01 03:00:00.270000+00:00,26654.0,16.0
2018-10-01 03:00:27.605000+00:00,26655.0,16.0
2018-10-01 03:00:47.587000+00:00,26656.0,16.0
2018-10-01 03:00:57.753000+00:00,26658.0,16.0
2018-10-01 03:00:58.458000+00:00,26657.0,16.0
2018-10-01 03:01:02.318000+00:00,26658.0,16.0
2018-10-01 03:01:08.275000+00:00,26659.0,16.0
2018-10-01 03:01:10.381000+00:00,26660.0,16.0
2018-10-01 03:01:10.732000+00:00,26659.0,16.0
2018-10-01 03:01:13.535000+00:00,26660.0,16.0
2018-10-01 03:01:19.847000+00:00,26659.0,16.0
2018-10-01 03:01:21.248000+00:00,26660.0,16.0
2018-10-01 03:01:23.353000+00:00,26659.0,16.0
2018-10-01 03:01:25.806000+00:00,26660.0,16.0
2018-10-01 03:02:01.843000+00:00,26659.0,16.0
2018-10-01 03:02:09.556000+00:00,26660.0,16.0
2018-10-01 03:02:12.011000+00:00,26659.0,16.0
2018-10-01 03:02:12.711000+00:00,26660.0,16.0
2018-10-01 03:02:27.431000+00:00,26659.0,16.0
2018-10-01 03:02:40.836000+00:00,26658.0,16.0
2018-10-01 03:02:49.248000+00:00,26657.0,16.0
2018-10-01 03:02:54.856000+00:00,26658.0,16.0
2018-10-01 03:03:09.577000+00:00,26659.0,16.0
2018-10-01 03:03:10.627000+00:00,26658.0,16.0
2018-10-01 03:03:25.698000+00:00,26657.0,16.0
2018-10-01 03:03:26.749000+00:00,26658.0,16.0
2018-10-01 03:03:29.556000+00:00,26657.0,16.0
2018-10-01 03:03:59.703000+00:00,26656.0,16.0
2018-10-01 03:04:03.562000+00:00,26655.0,16.0
2018-10-01 03:04:03.913000+00:00,26656.0,16.0
2018-10-01 03:04:33.377000+00:00,26655.0,16.0
2018-10-01 03:04:38.983000+00:00,26656.0,16.0
2018-10-01 03:04:44.946000+00:00,26655.0,16.0
2018-10-01 03:04:48.803000+00:00,26656.0,16.0
2018-10-01 03:04:49.505000+00:00,26655.0,16.0
2018-10-01 03:05:12.652000+00:00,26654.0,16.0
2018-10-01 03:05:13.353000+00:00,26655.0,16.0
2018-10-01 03:05:22.463000+00:00,26656.0,16.0
2018-10-01 03:05:25.265000+00:00,26655.0,16.0
2018-10-01 03:05:30.873000+00:00,26656.0,16.0
2018-10-01 03:05:31.223000+00:00,26655.0,16.0
2018-10-01 03:05:32.626000+00:00,26656.0,16.0
2018-10-01 03:05:47.696000+00:00,26655.0,16.0
2018-10-01 03:05:49.449000+00:00,26656.0,16.0
2018-10-01 03:05:50.149000+00:00,26655.0,16.0
2018-10-01 03:05:57.512000+00:00,26656.0,16.0
2018-10-01 03:06:08.735000+00:00,26655.0,16.0
2018-10-01 03:06:15.392000+00:00,26656.0,16.0
2018-10-01 03:08:30.333000+00:00,26657.0,16.0
2018-10-01 03:08:39.443000+00:00,26656.0,16.0
2018-10-01 03:09:05.725000+00:00,26655.0,16.0
2018-10-01 03:10:01.838000+00:00,26654.0,16.0
2018-10-01 03:10:03.941000+00:00,26655.0,16.0
2018-10-01 03:10:28.118000+00:00,26656.0,16.0
2018-10-01 03:10:43.130000+00:00,26657.0,16.0
2018-10-01 03:10:49.088000+00:00,26656.0,16.0
2018-10-01 03:10:49.789000+00:00,26657.0,16.0
2018-10-01 03:10:57.848000+00:00,26656.0,16.0
2018-10-01 03:11:12.566000+00:00,26657.0,16.0
2018-10-01 03:11:40.672000+00:00,26656.0,16.0
2018-10-01 03:12:07.660000+00:00,26657.0,16.0
2018-10-01 03:12:42.002000+00:00,26658.0,16.0
2018-10-01 03:12:44.103000+00:00,26657.0,16.0
2018-10-01 03:12:50.096000+00:00,26658.0,16.0
2018-10-01 03:12:51.847000+00:00,26657.0,16.0
2018-10-01 03:12:52.548000+00:00,26658.0,16.0
2018-10-01 03:13:03.759000+00:00,26657.0,16.0
2018-10-01 03:13:04.810000+00:00,26658.0,16.0
2018-10-01 03:13:20.233000+00:00,26659.0,16.0
2018-10-01 03:13:24.791000+00:00,26658.0,16.0
2018-10-01 03:13:38.461000+00:00,26659.0,16.0
2018-10-01 03:13:40.915000+00:00,26658.0,16.0
2018-10-01 03:13:50.733000+00:00,26657.0,16.0
2018-10-01 03:13:55.994000+00:00,26658.0,16.0
2018-10-01 03:14:00.550000+00:00,26657.0,16.0
2018-10-01 03:14:08.260000+00:00,26658.0,16.0
2018-10-01 03:14:30.439000+00:00,26657.0,16.0
2018-10-01 03:14:32.195000+00:00,26658.0,16.0
2018-10-01 03:14:32.545000+00:00,26657.0,16.0
2018-10-01 03:14:33.596000+00:00,26658.0,16.0
2018-10-01 03:14:34.997000+00:00,26657.0,16.0
2018-10-01 03:14:43.763000+00:00,26658.0,16.0
2018-10-01 03:15:07.863000+00:00,26659.0,16.0
2018-10-01 03:15:08.564000+00:00,26658.0,16.0
2018-10-01 03:15:09.265000+00:00,26659.0,16.0
2018-10-01 03:15:27.146000+00:00,26661.0,16.0
2018-10-01 03:15:38.360000+00:00,26662.0,16.0
2018-10-01 03:15:38.710000+00:00,26661.0,16.0
2018-10-01 03:15:40.813000+00:00,26662.0,16.0
2018-10-01 03:15:47.822000+00:00,26661.0,16.0
2018-10-01 03:15:51.328000+00:00,26662.0,16.0
2018-10-01 03:16:04.301000+00:00,26661.0,16.0
2018-10-01 03:16:11.663000+00:00,26662.0,16.0
2018-10-01 03:16:29.530000+00:00,26661.0,16.0
2018-10-01 03:16:36.885000+00:00,26660.0,16.0
2018-10-01 03:16:49.469000+00:00,26659.0,16.0
2018-10-01 03:16:57.890000+00:00,26658.0,16.0
2018-10-01 03:17:06.300000+00:00,26659.0,16.0
2018-10-01 03:17:22.807000+00:00,26660.0,16.0
2018-10-01 03:17:23.858000+00:00,26659.0,16.0
2018-10-01 03:17:25.261000+00:00,26660.0,16.0
2018-10-01 03:17:39.282000+00:00,26659.0,16.0
2018-10-01 03:17:39.983000+00:00,26660.0,16.0
2018-10-01 03:17:41.033000+00:00,26659.0,16.0
2018-10-01 03:17:42.436000+00:00,26660.0,16.0
2018-10-01 03:17:43.489000+00:00,26659.0,16.0
2018-10-01 03:17:49.486000+00:00,26660.0,16.0
2018-10-01 03:17:54.397000+00:00,26659.0,16.0
2018-10-01 03:17:55.800000+00:00,26660.0,16.0
2018-10-01 03:18:11.570000+00:00,26659.0,16.0
2018-10-01 03:18:26.313000+00:00,26658.0,16.0
2018-10-01 03:18:32.060000+00:00,26659.0,16.0
2018-10-01 03:18:33.462000+00:00,26658.0,16.0
2018-10-01 03:18:34.163000+00:00,26659.0,16.0
2018-10-01 03:18:35.214000+00:00,26660.0,16.0
2018-10-01 03:18:40.124000+00:00,26656.0,16.0
2018-10-01 03:18:41.877000+00:00,26655.0,16.0
2018-10-01 03:18:43.282000+00:00,26656.0,16.0
2018-10-01 03:18:44.332000+00:00,26655.0,16.0
2018-10-01 03:18:45.033000+00:00,26656.0,16.0
2018-10-01 03:18:46.434000+00:00,26655.0,16.0
2018-10-01 03:18:50.290000+00:00,26656.0,16.0
2018-10-01 03:18:52.394000+00:00,26655.0,16.0
2018-10-01 03:18:53.796000+00:00,26656.0,16.0
2018-10-01 03:18:54.147000+00:00,26655.0,16.0
2018-10-01 03:19:06.767000+00:00,26656.0,16.0
2018-10-01 03:19:20.786000+00:00,26655.0,16.0
2018-10-01 03:19:47.793000+00:00,26656.0,16.0
2018-10-01 03:20:06.720000+00:00,26657.0,16.0
2018-10-01 03:20:15.832000+00:00,26656.0,16.0
2018-10-01 03:20:22.556000+00:00,26655.0,16.0
2018-10-01 03:20:23.606000+00:00,26656.0,16.0
2018-10-01 03:20:36.930000+00:00,26657.0,16.0
2018-10-01 03:20:37.981000+00:00,26656.0,16.0
2018-10-01 03:20:39.383000+00:00,26657.0,16.0
2018-10-01 03:20:45.693000+00:00,26656.0,16.0
2018-10-01 03:21:09.889000+00:00,26657.0,16.0
2018-10-01 03:21:13.394000+00:00,26656.0,16.0
2018-10-01 03:22:22.635000+00:00,26655.0,16.0
2018-10-01 03:22:34.202000+00:00,26654.0,16.0
2018-10-01 03:22:42.967000+00:00,26653.0,16.0
2018-10-01 03:22:48.574000+00:00,26654.0,16.0
2018-10-01 03:22:49.628000+00:00,26653.0,16.0
2018-10-01 03:22:56.286000+00:00,26652.0,16.0
2018-10-01 03:22:58.037000+00:00,26653.0,16.0
2018-10-01 03:23:49.645000+00:00,26652.0,16.0
2018-10-01 03:23:58.056000+00:00,26653.0,16.0
2018-10-01 03:24:13.131000+00:00,26655.0,16.0
2018-10-01 03:24:13.832000+00:00,26654.0,16.0
2018-10-01 03:24:14.182000+00:00,26655.0,16.0
2018-10-01 03:24:16.639000+00:00,26656.0,16.0
2018-10-01 03:24:27.153000+00:00,26655.0,16.0
2018-10-01 03:24:28.906000+00:00,26656.0,16.0
2018-10-01 03:24:31.010000+00:00,26657.0,16.0
2018-10-01 03:24:31.361000+00:00,26656.0,16.0
2018-10-01 03:24:32.062000+00:00,26657.0,16.0
2018-10-01 03:24:32.412000+00:00,26656.0,16.0
2018-10-01 03:24:33.114000+00:00,26658.0,16.0
2018-10-01 03:24:33.464000+00:00,26657.0,16.0
2018-10-01 03:24:35.918000+00:00,26658.0,16.0
2018-10-01 03:24:36.968000+00:00,26657.0,16.0
2018-10-01 03:24:52.735000+00:00,26658.0,16.0
2018-10-01 03:24:53.436000+00:00,26657.0,16.0
2018-10-01 03:24:55.191000+00:00,26658.0,16.0
2018-10-01 03:24:57.293000+00:00,26659.0,16.0
2018-10-01 03:24:58.694000+00:00,26658.0,16.0
2018-10-01 03:25:00.449000+00:00,26659.0,16.0
2018-10-01 03:25:02.202000+00:00,26658.0,16.0
2018-10-01 03:25:28.492000+00:00,26657.0,16.0
2018-10-01 03:25:29.542000+00:00,26656.0,16.0
2018-10-01 03:25:42.158000+00:00,26657.0,16.0
2018-10-01 03:25:52.320000+00:00,26658.0,16.0
2018-10-01 03:25:56.874000+00:00,26657.0,16.0
2018-10-01 03:26:04.236000+00:00,26656.0,16.0
2018-10-01 03:26:07.392000+00:00,26658.0,16.0
2018-10-01 03:26:13.001000+00:00,26659.0,16.0
2018-10-01 03:26:13.702000+00:00,26658.0,16.0
2018-10-01 03:26:14.405000+00:00,26659.0,16.0
2018-10-01 03:26:47.790000+00:00,26660.0,16.0
2018-10-01 03:26:50.596000+00:00,26659.0,16.0
2018-10-01 03:26:57.257000+00:00,26660.0,16.0
2018-10-01 03:27:08.736000+00:00,26661.0,16.0
2018-10-01 03:27:09.087000+00:00,26662.0,16.0
2018-10-01 03:27:15.744000+00:00,26663.0,16.0
2018-10-01 03:27:17.497000+00:00,26662.0,16.0
2018-10-01 03:27:18.197000+00:00,26663.0,16.0
2018-10-01 03:27:22.402000+00:00,26662.0,16.0
2018-10-01 03:27:37.822000+00:00,26661.0,16.0
2018-10-01 03:27:38.526000+00:00,26662.0,16.0
2018-10-01 03:27:39.225000+00:00,26661.0,16.0
2018-10-01 03:28:08.398000+00:00,26662.0,16.0
2018-10-01 03:28:13.312000+00:00,26664.0,16.0
2018-10-01 03:28:40.996000+00:00,26665.0,16.0
2018-10-01 03:28:42.047000+00:00,26664.0,16.0
2018-10-01 03:28:43.097000+00:00,26665.0,16.0
2018-10-01 03:28:44.148000+00:00,26664.0,16.0
2018-10-01 03:29:00.619000+00:00,26665.0,16.0
2018-10-01 03:29:08.328000+00:00,26664.0,16.0
2018-10-01 03:29:10.431000+00:00,26665.0,16.0
2018-10-01 03:29:12.885000+00:00,26664.0,16.0
2018-10-01 03:29:30.860000+00:00,26665.0,16.0
2018-10-01 03:29:33.315000+00:00,26664.0,16.0
2018-10-01 03:29:37.171000+00:00,26665.0,16.0
2018-10-01 03:29:42.430000+00:00,26664.0,16.0
2018-10-01 03:29:43.130000+00:00,26665.0,16.0
2018-10-01 03:29:46.634000+00:00,26664.0,16.0
2018-10-01 03:29:50.492000+00:00,26665.0,16.0
2018-10-01 03:29:52.246000+00:00,26664.0,16.0
2018-10-01 03:29:55.750000+00:00,26665.0,16.0
2018-10-01 03:29:59.606000+00:00,26664.0,16.0
2018-10-01 03:29:59.957000+00:00,26666.0,16.0
2018-10-01 03:30:02.064000+00:00,26665.0,16.0
2018-10-01 03:30:04.170000+00:00,26666.0,16.0
2018-10-01 03:30:12.583000+00:00,26667.0,16.0
2018-10-01 03:30:12.934000+00:00,26666.0,16.0
2018-10-01 03:30:33.621000+00:00,26665.0,16.0
2018-10-01 03:30:33.971000+00:00,26666.0,16.0
2018-10-01 03:30:47.290000+00:00,26662.0,16.0
2018-10-01 03:30:48.695000+00:00,26663.0,16.0
2018-10-01 03:30:58.161000+00:00,26662.0,16.0
2018-10-01 03:31:09.024000+00:00,26661.0,16.0
2018-10-01 03:31:10.776000+00:00,26660.0,16.0
2018-10-01 03:31:12.877000+00:00,26661.0,16.0
2018-10-01 03:31:41.262000+00:00,26660.0,16.0
2018-10-01 03:31:48.972000+00:00,26661.0,16.0
2018-10-01 03:31:49.324000+00:00,26660.0,16.0
2018-10-01 03:31:51.778000+00:00,26659.0,16.0
2018-10-01 03:32:06.144000+00:00,26658.0,16.0
2018-10-01 03:32:08.599000+00:00,26659.0,16.0
2018-10-01 03:32:11.753000+00:00,26658.0,16.0
2018-10-01 03:32:17.709000+00:00,26659.0,16.0
2018-10-01 03:32:29.628000+00:00,26658.0,16.0
2018-10-01 03:32:34.892000+00:00,26659.0,16.0
2018-10-01 03:32:35.242000+00:00,26658.0,16.0
2018-10-01 03:32:35.592000+00:00,26659.0,16.0
2018-10-01 03:32:39.448000+00:00,26658.0,16.0
2018-10-01 03:32:55.567000+00:00,26659.0,16.0
2018-10-01 03:33:02.226000+00:00,26660.0,16.0
2018-10-01 03:33:10.988000+00:00,26659.0,16.0
2018-10-01 03:33:28.506000+00:00,26660.0,16.0
2018-10-01 03:33:32.711000+00:00,26659.0,16.0
2018-10-01 03:33:34.813000+00:00,26658.0,16.0
2018-10-01 03:33:44.973000+00:00,26657.0,16.0
2018-10-01 03:33:54.433000+00:00,26658.0,16.0
2018-10-01 03:34:18.369000+00:00,26659.0,16.0
2018-10-01 03:34:23.626000+00:00,26658.0,16.0
2018-10-01 03:34:25.378000+00:00,26657.0,16.0
2018-10-01 03:34:28.645000+00:00,26655.0,16.0
2018-10-01 03:34:34.953000+00:00,26656.0,16.0
2018-10-01 03:34:35.304000+00:00,26655.0,16.0
2018-10-01 03:34:37.406000+00:00,26656.0,16.0
2018-10-01 03:34:40.563000+00:00,26655.0,16.0
2018-10-01 03:34:40.913000+00:00,26656.0,16.0
2018-10-01 03:34:42.315000+00:00,26655.0,16.0
2018-10-01 03:34:44.771000+00:00,26654.0,16.0
2018-10-01 03:34:45.123000+00:00,26655.0,16.0
2018-10-01 03:34:45.823000+00:00,26654.0,16.0
2018-10-01 03:34:47.226000+00:00,26655.0,16.0
2018-10-01 03:34:48.278000+00:00,26656.0,16.0
2018-10-01 03:34:50.732000+00:00,26655.0,16.0
2018-10-01 03:34:51.432000+00:00,26654.0,16.0
2018-10-01 03:34:52.133000+00:00,26655.0,16.0
2018-10-01 03:34:53.185000+00:00,26654.0,16.0
2018-10-01 03:34:55.636000+00:00,26655.0,16.0
2018-10-01 03:35:09.668000+00:00,26654.0,16.0
2018-10-01 03:35:12.824000+00:00,26655.0,16.0
2018-10-01 03:35:33.159000+00:00,26656.0,16.0
2018-10-01 03:35:35.262000+00:00,26657.0,16.0
2018-10-01 03:35:40.525000+00:00,26656.0,16.0
2018-10-01 03:35:44.380000+00:00,26657.0,16.0
2018-10-01 03:35:49.642000+00:00,26656.0,16.0
2018-10-01 03:35:50.694000+00:00,26657.0,16.0
2018-10-01 03:35:52.450000+00:00,26656.0,16.0
2018-10-01 03:36:01.210000+00:00,26657.0,16.0
2018-10-01 03:36:22.237000+00:00,26656.0,16.0
2018-10-01 03:36:24.340000+00:00,26657.0,16.0
2018-10-01 03:36:25.391000+00:00,26656.0,16.0
2018-10-01 03:36:43.822000+00:00,26655.0,16.0
2018-10-01 03:36:44.522000+00:00,26656.0,16.0
2018-10-01 03:36:47.329000+00:00,26657.0,16.0
2018-10-01 03:36:48.381000+00:00,26656.0,16.0
2018-10-01 03:36:50.134000+00:00,26655.0,16.0
2018-10-01 03:36:51.537000+00:00,26656.0,16.0
2018-10-01 03:37:12.912000+00:00,26657.0,16.0
2018-10-01 03:37:15.015000+00:00,26658.0,16.0
2018-10-01 03:37:37.096000+00:00,26659.0,16.0
2018-10-01 03:37:46.555000+00:00,26658.0,16.0
2018-10-01 03:37:47.956000+00:00,26659.0,16.0
2018-10-01 03:37:57.417000+00:00,26658.0,16.0
2018-10-01 03:38:13.192000+00:00,26657.0,16.0
2018-10-01 03:38:20.199000+00:00,26658.0,16.0
2018-10-01 03:38:27.563000+00:00,26656.0,16.0
2018-10-01 03:38:29.316000+00:00,26657.0,16.0
2018-10-01 03:38:37.377000+00:00,26658.0,16.0
2018-10-01 03:38:38.429000+00:00,26659.0,16.0
2018-10-01 03:38:39.832000+00:00,26657.0,16.0
2018-10-01 03:38:41.585000+00:00,26658.0,16.0
2018-10-01 03:38:43.687000+00:00,26657.0,16.0
2018-10-01 03:38:52.454000+00:00,26658.0,16.0
2018-10-01 03:38:54.558000+00:00,26657.0,16.0
2018-10-01 03:39:03.669000+00:00,26658.0,16.0
2018-10-01 03:39:09.625000+00:00,26657.0,16.0
2018-10-01 03:39:14.557000+00:00,26658.0,16.0
2018-10-01 03:39:19.169000+00:00,26657.0,16.0
2018-10-01 03:39:30.734000+00:00,26658.0,16.0
2018-10-01 03:39:37.041000+00:00,26657.0,16.0
2018-10-01 03:39:37.391000+00:00,26658.0,16.0
2018-10-01 03:39:43.002000+00:00,26659.0,16.0
2018-10-01 03:39:47.560000+00:00,26658.0,16.0
2018-10-01 03:39:54.920000+00:00,26659.0,16.0
2018-10-01 03:39:56.323000+00:00,26658.0,16.0
2018-10-01 03:39:56.673000+00:00,26659.0,16.0
2018-10-01 03:40:01.497000+00:00,26658.0,16.0
2018-10-01 03:40:06.052000+00:00,26659.0,16.0
2018-10-01 03:40:07.453000+00:00,26658.0,16.0
2018-10-01 03:40:12.707000+00:00,26657.0,16.0
2018-10-01 03:40:13.410000+00:00,26658.0,16.0
2018-10-01 03:40:27.097000+00:00,26657.0,16.0
2018-10-01 03:40:34.454000+00:00,26658.0,16.0
2018-10-01 03:40:43.717000+00:00,26659.0,16.0
2018-10-01 03:40:52.093000+00:00,26658.0,16.0
2018-10-01 03:40:55.020000+00:00,26659.0,16.0
2018-10-01 03:40:55.720000+00:00,26658.0,16.0
2018-10-01 03:41:03.429000+00:00,26659.0,16.0
2018-10-01 03:41:20.579000+00:00,26658.0,16.0
2018-10-01 03:41:22.682000+00:00,26659.0,16.0
2018-10-01 03:41:28.995000+00:00,26658.0,16.0
2018-10-01 03:41:30.397000+00:00,26659.0,16.0
2018-10-01 03:41:41.463000+00:00,26660.0,16.0
2018-10-01 03:41:43.217000+00:00,26659.0,16.0
2018-10-01 03:42:10.087000+00:00,26658.0,16.0
2018-10-01 03:42:40.616000+00:00,26657.0,16.0
2018-10-01 03:42:42.370000+00:00,26658.0,16.0
2018-10-01 03:43:21.267000+00:00,26659.0,16.0
2018-10-01 03:43:23.371000+00:00,26658.0,16.0
2018-10-01 03:44:58.785000+00:00,26659.0,16.0
2018-10-01 03:44:59.136000+00:00,26658.0,16.0
2018-10-01 03:44:59.486000+00:00,26659.0,16.0
2018-10-01 03:45:22.974000+00:00,26660.0,16.0
2018-10-01 03:45:40.146000+00:00,26659.0,16.0
2018-10-01 03:45:49.605000+00:00,26660.0,16.0
2018-10-01 03:45:50.305000+00:00,26659.0,16.0
2018-10-01 03:45:55.915000+00:00,26658.0,16.0
2018-10-01 03:46:05.380000+00:00,26659.0,16.0
2018-10-01 03:46:06.080000+00:00,26658.0,16.0
2018-10-01 03:46:40.783000+00:00,26659.0,16.0
2018-10-01 03:47:15.839000+00:00,26658.0,16.0
2018-10-01 03:47:17.592000+00:00,26659.0,16.0
2018-10-01 03:47:21.796000+00:00,26658.0,16.0
2018-10-01 03:47:22.499000+00:00,26659.0,16.0
2018-10-01 03:47:28.459000+00:00,26658.0,16.0
2018-10-01 03:47:57.215000+00:00,26659.0,16.0
2018-10-01 03:48:12.643000+00:00,26658.0,16.0
2018-10-01 03:48:12.993000+00:00,26659.0,16.0
2018-10-01 03:48:13.343000+00:00,26658.0,16.0
2018-10-01 03:48:20.360000+00:00,26659.0,16.0
2018-10-01 03:48:24.918000+00:00,26658.0,16.0
2018-10-01 03:48:35.082000+00:00,26659.0,16.0
2018-10-01 03:48:37.187000+00:00,26658.0,16.0
2018-10-01 03:48:52.611000+00:00,26657.0,16.0
2018-10-01 03:49:00.671000+00:00,26658.0,16.0
2018-10-01 03:49:09.787000+00:00,26659.0,16.0
2018-10-01 03:49:29.759000+00:00,26658.0,16.0
2018-10-01 03:49:36.769000+00:00,26657.0,16.0
2018-10-01 03:49:41.326000+00:00,26658.0,16.0
2018-10-01 03:49:42.377000+00:00,26657.0,16.0
2018-10-01 03:49:42.727000+00:00,26658.0,16.0
2018-10-01 03:49:47.985000+00:00,26659.0,16.0
2018-10-01 03:49:53.247000+00:00,26658.0,16.0
2018-10-01 03:49:55.351000+00:00,26659.0,16.0
2018-10-01 03:50:37.421000+00:00,26660.0,16.0
2018-10-01 03:50:47.589000+00:00,26659.0,16.0
2018-10-01 03:50:52.850000+00:00,26660.0,16.0
2018-10-01 03:50:59.869000+00:00,26659.0,16.0
2018-10-01 03:51:20.216000+00:00,26660.0,16.0
2018-10-01 03:51:42.651000+00:00,26661.0,16.0
2018-10-01 03:51:54.580000+00:00,26660.0,16.0
2018-10-01 03:52:17.376000+00:00,26661.0,16.0
2018-10-01 03:52:34.197000+00:00,26660.0,16.0
2018-10-01 03:52:35.248000+00:00,26661.0,16.0
2018-10-01 03:52:35.949000+00:00,26660.0,16.0
2018-10-01 03:52:45.411000+00:00,26661.0,16.0
2018-10-01 03:52:46.112000+00:00,26660.0,16.0
2018-10-01 03:52:52.777000+00:00,26661.0,16.0
2018-10-01 03:52:57.685000+00:00,26660.0,16.0
2018-10-01 03:53:01.892000+00:00,26661.0,16.0
2018-10-01 03:53:02.243000+00:00,26662.0,16.0
2018-10-01 03:53:04.698000+00:00,26661.0,16.0
2018-10-01 03:53:08.204000+00:00,26662.0,16.0
2018-10-01 03:53:09.958000+00:00,26661.0,16.0
2018-10-01 03:53:12.761000+00:00,26662.0,16.0
2018-10-01 03:53:16.969000+00:00,26661.0,16.0
2018-10-01 03:53:18.721000+00:00,26662.0,16.0
2018-10-01 03:53:19.424000+00:00,26661.0,16.0
2018-10-01 03:53:27.838000+00:00,26662.0,16.0
2018-10-01 03:53:36.596000+00:00,26661.0,16.0
2018-10-01 03:53:39.753000+00:00,26662.0,16.0
2018-10-01 03:53:52.727000+00:00,26661.0,16.0
2018-10-01 03:54:06.750000+00:00,26660.0,16.0
2018-10-01 03:54:09.204000+00:00,26659.0,16.0
