timestamp,ask_price,bid_price,spread
2018-10-01 00:00:01.196000+00:00,26599.0,26598.0,1.0
2018-10-01 00:00:01.548000+00:00,26600.0,26598.0,2.0
2018-10-01 00:00:04.356000+00:00,26601.0,26598.0,3.0
2018-10-01 00:00:05.761000+00:00,26601.0,26599.0,2.0
2018-10-01 00:00:07.514000+00:00,26600.0,26598.0,2.0
2018-10-01 00:00:07.866000+00:00,26599.0,26597.0,2.0
2018-10-01 00:00:08.218000+00:00,26598.0,26595.0,3.0
2018-10-01 00:00:08.919000+00:00,26598.0,26596.0,2.0
2018-10-01 00:00:10.321000+00:00,26599.0,26596.0,3.0
2018-10-01 00:00:11.724000+00:00,26598.0,26596.0,2.0
2018-10-01 00:00:12.076000+00:00,26597.0,26595.0,2.0
2018-10-01 00:00:14.180000+00:00,26596.0,26594.0,2.0
2018-10-01 00:00:14.884000+00:00,26598.0,26595.0,3.0
2018-10-01 00:00:15.936000+00:00,26597.0,26595.0,2.0
2018-10-01 00:00:16.287000+00:00,26598.0,26595.0,3.0
2018-10-01 00:00:17.340000+00:00,26597.0,26595.0,2.0
2018-10-01 00:00:17.689000+00:00,26598.0,26595.0,3.0
2018-10-01 00:00:18.742000+00:00,26597.0,26594.0,3.0
2018-10-01 00:00:20.147000+00:00,26596.0,26594.0,2.0
2018-10-01 00:00:20.499000+00:00,26597.0,26594.0,3.0
2018-10-01 00:00:20.849000+00:00,26597.0,26595.0,2.0
2018-10-01 00:00:22.603000+00:00,26597.0,26594.0,3.0
2018-10-01 00:00:24.006000+00:00,26597.0,26595.0,2.0
2018-10-01 00:00:25.758000+00:00,26598.0,26595.0,3.0
2018-10-01 00:00:28.563000+00:00,26598.0,26596.0,2.0
2018-10-01 00:00:29.617000+00:00,26597.0,26595.0,2.0
2018-10-01 00:00:33.824000+00:00,26597.0,26594.0,3.0
2018-10-01 00:00:48.906000+00:00,26597.0,26595.0,2.0
2018-10-01 00:00:51.010000+00:00,26598.0,26595.0,3.0
2018-10-01 00:01:00.835000+00:00,26597.0,26595.0,2.0
2018-10-01 00:01:07.147000+00:00,26598.0,26595.0,3.0
2018-10-01 00:01:09.600000+00:00,26598.0,26596.0,2.0
2018-10-01 00:01:12.055000+00:00,26599.0,26596.0,3.0
2018-10-01 00:01:12.757000+00:00,26598.0,26596.0,2.0
2018-10-01 00:01:20.121000+00:00,26599.0,26596.0,3.0
2018-10-01 00:01:20.472000+00:00,26599.0,26597.0,2.0
2018-10-01 00:01:21.523000+00:00,26600.0,26597.0,3.0
2018-10-01 00:01:30.290000+00:00,26600.0,26598.0,2.0
2018-10-01 00:01:30.991000+00:00,26600.0,26597.0,3.0
2018-10-01 00:01:38.356000+00:00,26601.0,26598.0,3.0
2018-10-01 00:01:39.058000+00:00,26600.0,26597.0,3.0
2018-10-01 00:01:43.966000+00:00,26599.0,26597.0,2.0
2018-10-01 00:01:54.481000+00:00,26600.0,26597.0,3.0
2018-10-01 00:01:58.338000+00:00,26599.0,26597.0,2.0
2018-10-01 00:02:00.442000+00:00,26600.0,26597.0,3.0
2018-10-01 00:02:03.600000+00:00,26599.0,26597.0,2.0
2018-10-01 00:02:05.354000+00:00,26599.0,26596.0,3.0
2018-10-01 00:02:07.112000+00:00,26597.0,26594.0,3.0
2018-10-01 00:02:10.618000+00:00,26597.0,26595.0,2.0
2018-10-01 00:02:10.968000+00:00,26597.0,26594.0,3.0
2018-10-01 00:02:11.670000+00:00,26598.0,26595.0,3.0
2018-10-01 00:02:13.773000+00:00,26597.0,26595.0,2.0
2018-10-01 00:02:15.176000+00:00,26597.0,26594.0,3.0
2018-10-01 00:02:21.485000+00:00,26596.0,26594.0,2.0
2018-10-01 00:02:25.694000+00:00,26597.0,26594.0,3.0
2018-10-01 00:02:28.146000+00:00,26597.0,26595.0,2.0
2018-10-01 00:02:29.898000+00:00,26598.0,26596.0,2.0
2018-10-01 00:02:30.249000+00:00,26598.0,26595.0,3.0
2018-10-01 00:02:32.352000+00:00,26598.0,26596.0,2.0
2018-10-01 00:02:32.703000+00:00,26599.0,26597.0,2.0
2018-10-01 00:02:34.455000+00:00,26600.0,26597.0,3.0
2018-10-01 00:02:35.157000+00:00,26600.0,26598.0,2.0
2018-10-01 00:02:41.467000+00:00,26599.0,26597.0,2.0
2018-10-01 00:02:42.520000+00:00,26600.0,26597.0,3.0
2018-10-01 00:02:46.374000+00:00,26599.0,26597.0,2.0
2018-10-01 00:02:47.427000+00:00,26600.0,26598.0,2.0
2018-10-01 00:02:49.880000+00:00,26599.0,26598.0,1.0
2018-10-01 00:02:50.932000+00:00,26600.0,26598.0,2.0
2018-10-01 00:02:51.633000+00:00,26601.0,26598.0,3.0
2018-10-01 00:02:52.685000+00:00,26600.0,26598.0,2.0
2018-10-01 00:02:56.891000+00:00,26599.0,26597.0,2.0
2018-10-01 00:02:57.242000+00:00,26600.0,26597.0,3.0
2018-10-01 00:02:59.345000+00:00,26599.0,26597.0,2.0
2018-10-01 00:03:01.100000+00:00,26598.0,26596.0,2.0
2018-10-01 00:03:01.450000+00:00,26599.0,26596.0,3.0
2018-10-01 00:03:02.855000+00:00,26598.0,26595.0,3.0
2018-10-01 00:03:07.765000+00:00,26597.0,26595.0,2.0
2018-10-01 00:03:14.776000+00:00,26594.0,26592.0,2.0
2018-10-01 00:03:23.541000+00:00,26594.0,26591.0,3.0
2018-10-01 00:03:26.345000+00:00,26594.0,26592.0,2.0
2018-10-01 00:03:27.397000+00:00,26594.0,26591.0,3.0
2018-10-01 00:03:34.414000+00:00,26593.0,26591.0,2.0
2018-10-01 00:03:36.519000+00:00,26593.0,26590.0,3.0
2018-10-01 00:03:37.572000+00:00,26593.0,26591.0,2.0
2018-10-01 00:03:38.625000+00:00,26593.0,26590.0,3.0
2018-10-01 00:03:42.133000+00:00,26591.0,26589.0,2.0
2018-10-01 00:03:42.483000+00:00,26592.0,26589.0,3.0
2018-10-01 00:03:47.741000+00:00,26591.0,26588.0,3.0
2018-10-01 00:03:48.443000+00:00,26591.0,26589.0,2.0
2018-10-01 00:03:48.794000+00:00,26592.0,26589.0,3.0
2018-10-01 00:03:49.144000+00:00,26591.0,26588.0,3.0
2018-10-01 00:03:49.495000+00:00,26592.0,26589.0,3.0
2018-10-01 00:03:50.547000+00:00,26591.0,26588.0,3.0
2018-10-01 00:03:51.249000+00:00,26592.0,26589.0,3.0
2018-10-01 00:03:51.600000+00:00,26591.0,26589.0,2.0
2018-10-01 00:03:51.952000+00:00,26590.0,26588.0,2.0
2018-10-01 00:03:52.302000+00:00,26591.0,26588.0,3.0
2018-10-01 00:03:53.354000+00:00,26592.0,26589.0,3.0
2018-10-01 00:03:55.457000+00:00,26591.0,26589.0,2.0
2018-10-01 00:03:55.809000+00:00,26592.0,26589.0,3.0
2018-10-01 00:03:59.665000+00:00,26591.0,26589.0,2.0
2018-10-01 00:04:00.367000+00:00,26593.0,26590.0,3.0
2018-10-01 00:04:01.069000+00:00,26593.0,26591.0,2.0
2018-10-01 00:04:01.420000+00:00,26594.0,26591.0,3.0
2018-10-01 00:04:01.770000+00:00,26594.0,26592.0,2.0
2018-10-01 00:04:03.523000+00:00,26594.0,26591.0,3.0
2018-10-01 00:04:05.629000+00:00,26593.0,26591.0,2.0
2018-10-01 00:04:06.681000+00:00,26592.0,26590.0,2.0
2018-10-01 00:04:07.382000+00:00,26592.0,26591.0,1.0
2018-10-01 00:04:08.083000+00:00,26592.0,26590.0,2.0
2018-10-01 00:04:15.095000+00:00,26592.0,26591.0,1.0
2018-10-01 00:04:15.797000+00:00,26592.0,26590.0,2.0
2018-10-01 00:04:16.497000+00:00,26592.0,26591.0,1.0
2018-10-01 00:04:17.197000+00:00,26592.0,26590.0,2.0
2018-10-01 00:04:17.898000+00:00,26591.0,26590.0,1.0
2018-10-01 00:04:27.715000+00:00,26592.0,26590.0,2.0
2018-10-01 00:04:29.818000+00:00,26591.0,26590.0,1.0
2018-10-01 00:04:31.919000+00:00,26591.0,26589.0,2.0
2018-10-01 00:04:32.621000+00:00,26591.0,26590.0,1.0
2018-10-01 00:04:35.073000+00:00,26591.0,26589.0,2.0
2018-10-01 00:04:38.577000+00:00,26590.0,26589.0,1.0
2018-10-01 00:04:38.930000+00:00,26591.0,26589.0,2.0
2018-10-01 00:04:39.281000+00:00,26591.0,26590.0,1.0
2018-10-01 00:04:39.631000+00:00,26591.0,26589.0,2.0
2018-10-01 00:04:39.981000+00:00,26591.0,26590.0,1.0
2018-10-01 00:04:40.332000+00:00,26591.0,26589.0,2.0
2018-10-01 00:04:45.591000+00:00,26590.0,26589.0,1.0
2018-10-01 00:04:47.344000+00:00,26591.0,26589.0,2.0
2018-10-01 00:04:49.448000+00:00,26591.0,26590.0,1.0
2018-10-01 00:04:49.798000+00:00,26591.0,26589.0,2.0
2018-10-01 00:04:50.500000+00:00,26590.0,26589.0,1.0
2018-10-01 00:04:57.512000+00:00,26590.0,26588.0,2.0
2018-10-01 00:04:57.865000+00:00,26590.0,26589.0,1.0
2018-10-01 00:04:58.915000+00:00,26591.0,26589.0,2.0
2018-10-01 00:05:02.778000+00:00,26590.0,26589.0,1.0
2018-10-01 00:05:05.933000+00:00,26591.0,26589.0,2.0
2018-10-01 00:05:06.636000+00:00,26590.0,26588.0,2.0
2018-10-01 00:05:09.791000+00:00,26589.0,26588.0,1.0
2018-10-01 00:05:11.544000+00:00,26589.0,26587.0,2.0
2018-10-01 00:05:13.298000+00:00,26589.0,26586.0,3.0
2018-10-01 00:05:13.650000+00:00,26588.0,26586.0,2.0
2018-10-01 00:05:14.702000+00:00,26587.0,26586.0,1.0
2018-10-01 00:05:16.454000+00:00,26588.0,26586.0,2.0
2018-10-01 00:05:17.508000+00:00,26588.0,26587.0,1.0
2018-10-01 00:05:18.560000+00:00,26588.0,26586.0,2.0
2018-10-01 00:05:18.910000+00:00,26588.0,26587.0,1.0
2018-10-01 00:05:19.261000+00:00,26589.0,26587.0,2.0
2018-10-01 00:05:19.613000+00:00,26589.0,26588.0,1.0
2018-10-01 00:05:20.316000+00:00,26589.0,26587.0,2.0
2018-10-01 00:05:22.422000+00:00,26588.0,26586.0,2.0
2018-10-01 00:05:22.772000+00:00,26587.0,26585.0,2.0
2018-10-01 00:05:24.175000+00:00,26586.0,26585.0,1.0
2018-10-01 00:05:24.526000+00:00,26587.0,26585.0,2.0
2018-10-01 00:05:25.928000+00:00,26586.0,26585.0,1.0
2018-10-01 00:05:28.737000+00:00,26587.0,26585.0,2.0
2018-10-01 00:05:32.243000+00:00,26587.0,26586.0,1.0
2018-10-01 00:05:32.595000+00:00,26588.0,26586.0,2.0
2018-10-01 00:05:35.052000+00:00,26588.0,26587.0,1.0
2018-10-01 00:05:36.105000+00:00,26588.0,26586.0,2.0
2018-10-01 00:05:38.911000+00:00,26587.0,26586.0,1.0
2018-10-01 00:05:40.665000+00:00,26587.0,26585.0,2.0
2018-10-01 00:05:41.369000+00:00,26587.0,26586.0,1.0
2018-10-01 00:05:42.421000+00:00,26588.0,26587.0,1.0
2018-10-01 00:05:46.286000+00:00,26589.0,26587.0,2.0
2018-10-01 00:05:47.340000+00:00,26588.0,26587.0,1.0
2018-10-01 00:05:48.392000+00:00,26588.0,26586.0,2.0
2018-10-01 00:05:49.444000+00:00,26588.0,26587.0,1.0
2018-10-01 00:05:55.065000+00:00,26588.0,26586.0,2.0
2018-10-01 00:05:56.116000+00:00,26590.0,26587.0,3.0
2018-10-01 00:05:56.467000+00:00,26589.0,26587.0,2.0
2018-10-01 00:05:56.819000+00:00,26588.0,26587.0,1.0
2018-10-01 00:05:57.872000+00:00,26589.0,26587.0,2.0
2018-10-01 00:05:59.976000+00:00,26589.0,26588.0,1.0
2018-10-01 00:06:00.329000+00:00,26590.0,26588.0,2.0
2018-10-01 00:06:01.031000+00:00,26589.0,26588.0,1.0
2018-10-01 00:06:01.732000+00:00,26590.0,26588.0,2.0
2018-10-01 00:06:02.433000+00:00,26589.0,26588.0,1.0
2018-10-01 00:06:09.804000+00:00,26590.0,26588.0,2.0
2018-10-01 00:06:13.670000+00:00,26589.0,26588.0,1.0
2018-10-01 00:06:16.128000+00:00,26589.0,26587.0,2.0
2018-10-01 00:06:16.480000+00:00,26589.0,26588.0,1.0
2018-10-01 00:06:19.639000+00:00,26590.0,26588.0,2.0
2018-10-01 00:06:26.661000+00:00,26591.0,26588.0,3.0
2018-10-01 00:06:28.417000+00:00,26591.0,26589.0,2.0
2018-10-01 00:06:29.822000+00:00,26591.0,26588.0,3.0
2018-10-01 00:06:34.383000+00:00,26591.0,26589.0,2.0
2018-10-01 00:06:36.840000+00:00,26592.0,26589.0,3.0
2018-10-01 00:06:37.192000+00:00,26590.0,26588.0,2.0
2018-10-01 00:06:37.895000+00:00,26591.0,26588.0,3.0
2018-10-01 00:06:38.949000+00:00,26591.0,26589.0,2.0
2018-10-01 00:06:41.406000+00:00,26591.0,26588.0,3.0
2018-10-01 00:06:58.589000+00:00,26590.0,26588.0,2.0
2018-10-01 00:07:16.846000+00:00,26591.0,26589.0,2.0
2018-10-01 00:07:17.198000+00:00,26592.0,26589.0,3.0
2018-10-01 00:07:17.549000+00:00,26593.0,26590.0,3.0
2018-10-01 00:07:18.602000+00:00,26593.0,26591.0,2.0
2018-10-01 00:07:19.657000+00:00,26594.0,26592.0,2.0
2018-10-01 00:07:20.358000+00:00,26594.0,26591.0,3.0
2018-10-01 00:07:21.060000+00:00,26595.0,26592.0,3.0
2018-10-01 00:07:24.219000+00:00,26595.0,26593.0,2.0
2018-10-01 00:07:25.623000+00:00,26595.0,26594.0,1.0
2018-10-01 00:07:26.327000+00:00,26595.0,26593.0,2.0
2018-10-01 00:07:27.028000+00:00,26594.0,26593.0,1.0
2018-10-01 00:07:29.134000+00:00,26594.0,26592.0,2.0
2018-10-01 00:07:29.836000+00:00,26594.0,26593.0,1.0
2018-10-01 00:07:31.240000+00:00,26595.0,26592.0,3.0
2018-10-01 00:07:31.591000+00:00,26594.0,26592.0,2.0
2018-10-01 00:07:32.994000+00:00,26595.0,26593.0,2.0
2018-10-01 00:07:37.203000+00:00,26595.0,26594.0,1.0
2018-10-01 00:07:38.606000+00:00,26595.0,26593.0,2.0
2018-10-01 00:07:40.009000+00:00,26596.0,26594.0,2.0
2018-10-01 00:07:40.710000+00:00,26596.0,26593.0,3.0
2018-10-01 00:07:43.515000+00:00,26595.0,26593.0,2.0
2018-10-01 00:07:45.268000+00:00,26595.0,26592.0,3.0
2018-10-01 00:07:47.374000+00:00,26594.0,26592.0,2.0
2018-10-01 00:07:49.829000+00:00,26595.0,26592.0,3.0
2018-10-01 00:07:50.179000+00:00,26594.0,26592.0,2.0
2018-10-01 00:07:51.232000+00:00,26596.0,26593.0,3.0
2018-10-01 00:07:51.933000+00:00,26595.0,26592.0,3.0
2018-10-01 00:07:55.088000+00:00,26595.0,26593.0,2.0
2018-10-01 00:07:56.491000+00:00,26595.0,26592.0,3.0
2018-10-01 00:07:57.546000+00:00,26596.0,26593.0,3.0
2018-10-01 00:07:58.600000+00:00,26596.0,26594.0,2.0
2018-10-01 00:07:59.302000+00:00,26597.0,26594.0,3.0
2018-10-01 00:08:00.355000+00:00,26597.0,26595.0,2.0
2018-10-01 00:08:01.759000+00:00,26598.0,26595.0,3.0
2018-10-01 00:08:04.214000+00:00,26598.0,26596.0,2.0
2018-10-01 00:08:04.915000+00:00,26598.0,26595.0,3.0
2018-10-01 00:08:07.724000+00:00,26598.0,26596.0,2.0
2018-10-01 00:08:10.180000+00:00,26597.0,26595.0,2.0
2018-10-01 00:08:13.686000+00:00,26597.0,26594.0,3.0
2018-10-01 00:08:19.651000+00:00,26597.0,26595.0,2.0
2018-10-01 00:08:21.055000+00:00,26598.0,26595.0,3.0
2018-10-01 00:08:22.457000+00:00,26597.0,26595.0,2.0
2018-10-01 00:08:27.719000+00:00,26598.0,26596.0,2.0
2018-10-01 00:08:29.120000+00:00,26597.0,26596.0,1.0
2018-10-01 00:08:33.682000+00:00,26597.0,26595.0,2.0
2018-10-01 00:08:36.486000+00:00,26596.0,26595.0,1.0
2018-10-01 00:08:40.695000+00:00,26596.0,26594.0,2.0
2018-10-01 00:08:44.554000+00:00,26595.0,26594.0,1.0
2018-10-01 00:08:52.264000+00:00,26596.0,26594.0,2.0
2018-10-01 00:08:55.068000+00:00,26596.0,26595.0,1.0
2018-10-01 00:08:55.768000+00:00,26596.0,26594.0,2.0
2018-10-01 00:08:56.119000+00:00,26596.0,26595.0,1.0
2018-10-01 00:08:56.471000+00:00,26595.0,26594.0,1.0
2018-10-01 00:08:57.525000+00:00,26596.0,26594.0,2.0
2018-10-01 00:08:59.278000+00:00,26595.0,26594.0,1.0
2018-10-01 00:09:00.331000+00:00,26596.0,26594.0,2.0
2018-10-01 00:09:04.539000+00:00,26597.0,26595.0,2.0
2018-10-01 00:09:09.447000+00:00,26597.0,26596.0,1.0
2018-10-01 00:09:09.797000+00:00,26597.0,26595.0,2.0
2018-10-01 00:09:10.149000+00:00,26598.0,26595.0,3.0
2018-10-01 00:09:10.499000+00:00,26598.0,26596.0,2.0
2018-10-01 00:09:11.201000+00:00,26598.0,26595.0,3.0
2018-10-01 00:09:13.308000+00:00,26597.0,26595.0,2.0
2018-10-01 00:09:15.761000+00:00,26597.0,26594.0,3.0
2018-10-01 00:09:16.464000+00:00,26597.0,26595.0,2.0
2018-10-01 00:09:21.374000+00:00,26598.0,26595.0,3.0
2018-10-01 00:09:22.777000+00:00,26597.0,26595.0,2.0
2018-10-01 00:09:26.637000+00:00,26598.0,26595.0,3.0
2018-10-01 00:09:30.845000+00:00,26597.0,26595.0,2.0
2018-10-01 00:09:43.130000+00:00,26595.0,26593.0,2.0
2018-10-01 00:09:49.788000+00:00,26596.0,26593.0,3.0
2018-10-01 00:09:54.345000+00:00,26595.0,26593.0,2.0
2018-10-01 00:09:58.201000+00:00,26596.0,26594.0,2.0
2018-10-01 00:10:00.304000+00:00,26597.0,26595.0,2.0
2018-10-01 00:10:02.763000+00:00,26598.0,26595.0,3.0
2018-10-01 00:10:04.517000+00:00,26598.0,26596.0,2.0
2018-10-01 00:10:05.569000+00:00,26598.0,26595.0,3.0
2018-10-01 00:10:06.270000+00:00,26598.0,26596.0,2.0
2018-10-01 00:10:07.674000+00:00,26599.0,26596.0,3.0
2018-10-01 00:10:08.026000+00:00,26599.0,26597.0,2.0
2018-10-01 00:10:15.741000+00:00,26600.0,26598.0,2.0
2018-10-01 00:10:20.302000+00:00,26600.0,26597.0,3.0
2018-10-01 00:10:23.812000+00:00,26600.0,26598.0,2.0
2018-10-01 00:10:24.163000+00:00,26600.0,26597.0,3.0
2018-10-01 00:10:34.332000+00:00,26599.0,26597.0,2.0
2018-10-01 00:10:36.085000+00:00,26600.0,26597.0,3.0
2018-10-01 00:10:43.108000+00:00,26600.0,26598.0,2.0
2018-10-01 00:10:44.512000+00:00,26600.0,26597.0,3.0
2018-10-01 00:10:48.368000+00:00,26600.0,26598.0,2.0
2018-10-01 00:11:03.798000+00:00,26601.0,26599.0,2.0
2018-10-01 00:11:06.608000+00:00,26602.0,26600.0,2.0
2018-10-01 00:11:10.116000+00:00,26603.0,26600.0,3.0
2018-10-01 00:11:10.817000+00:00,26602.0,26600.0,2.0
2018-10-01 00:11:11.522000+00:00,26603.0,26601.0,2.0
2018-10-01 00:11:12.924000+00:00,26603.0,26600.0,3.0
2018-10-01 00:11:25.904000+00:00,26601.0,26598.0,3.0
2018-10-01 00:11:26.257000+00:00,26600.0,26598.0,2.0
2018-10-01 00:11:28.710000+00:00,26600.0,26597.0,3.0
2018-10-01 00:11:30.113000+00:00,26599.0,26596.0,3.0
2018-10-01 00:11:30.814000+00:00,26599.0,26597.0,2.0
2018-10-01 00:11:32.918000+00:00,26598.0,26596.0,2.0
2018-10-01 00:11:34.319000+00:00,26599.0,26596.0,3.0
2018-10-01 00:11:35.722000+00:00,26599.0,26597.0,2.0
2018-10-01 00:11:38.525000+00:00,26600.0,26597.0,3.0
2018-10-01 00:11:41.328000+00:00,26599.0,26597.0,2.0
2018-10-01 00:11:42.029000+00:00,26599.0,26596.0,3.0
2018-10-01 00:11:49.037000+00:00,26599.0,26597.0,2.0
2018-10-01 00:11:54.647000+00:00,26597.0,26596.0,1.0
2018-10-01 00:11:54.996000+00:00,26598.0,26596.0,2.0
2018-10-01 00:11:57.099000+00:00,26599.0,26596.0,3.0
2018-10-01 00:12:00.253000+00:00,26599.0,26597.0,2.0
2018-10-01 00:12:00.954000+00:00,26599.0,26596.0,3.0
2018-10-01 00:12:02.355000+00:00,26598.0,26596.0,2.0
2018-10-01 00:12:06.559000+00:00,26599.0,26596.0,3.0
2018-10-01 00:12:07.613000+00:00,26600.0,26598.0,2.0
2018-10-01 00:12:07.964000+00:00,26601.0,26598.0,3.0
2018-10-01 00:12:09.721000+00:00,26601.0,26599.0,2.0
2018-10-01 00:12:10.773000+00:00,26602.0,26599.0,3.0
2018-10-01 00:12:11.476000+00:00,26602.0,26600.0,2.0
2018-10-01 00:12:17.087000+00:00,26603.0,26600.0,3.0
2018-10-01 00:12:17.438000+00:00,26602.0,26600.0,2.0
2018-10-01 00:12:19.190000+00:00,26603.0,26600.0,3.0
2018-10-01 00:12:19.892000+00:00,26602.0,26600.0,2.0
2018-10-01 00:12:20.243000+00:00,26601.0,26599.0,2.0
2018-10-01 00:12:20.594000+00:00,26601.0,26598.0,3.0
2018-10-01 00:12:20.946000+00:00,26600.0,26598.0,2.0
2018-10-01 00:12:22+00:00,26599.0,26597.0,2.0
2018-10-01 00:12:23.051000+00:00,26600.0,26597.0,3.0
2018-10-01 00:12:23.402000+00:00,26599.0,26597.0,2.0
2018-10-01 00:12:24.453000+00:00,26599.0,26596.0,3.0
2018-10-01 00:12:25.854000+00:00,26598.0,26596.0,2.0
2018-10-01 00:12:26.205000+00:00,26599.0,26596.0,3.0
2018-10-01 00:12:26.555000+00:00,26598.0,26596.0,2.0
2018-10-01 00:12:35.320000+00:00,26599.0,26596.0,3.0
2018-10-01 00:12:41.282000+00:00,26598.0,26596.0,2.0
2018-10-01 00:12:46.188000+00:00,26599.0,26597.0,2.0
2018-10-01 00:12:48.292000+00:00,26599.0,26596.0,3.0
2018-10-01 00:12:48.644000+00:00,26598.0,26596.0,2.0
2018-10-01 00:12:52.502000+00:00,26599.0,26596.0,3.0
2018-10-01 00:12:52.852000+00:00,26598.0,26595.0,3.0
2018-10-01 00:12:54.605000+00:00,26598.0,26596.0,2.0
2018-10-01 00:12:57.762000+00:00,26599.0,26597.0,2.0
2018-10-01 00:13:00.917000+00:00,26600.0,26598.0,2.0
2018-10-01 00:13:04.430000+00:00,26601.0,26599.0,2.0
2018-10-01 00:13:17.055000+00:00,26601.0,26598.0,3.0
2018-10-01 00:13:21.264000+00:00,26601.0,26599.0,2.0
2018-10-01 00:13:26.524000+00:00,26601.0,26598.0,3.0
2018-10-01 00:13:28.279000+00:00,26602.0,26600.0,2.0
2018-10-01 00:13:28.979000+00:00,26603.0,26600.0,3.0
2018-10-01 00:13:30.731000+00:00,26603.0,26601.0,2.0
2018-10-01 00:13:31.082000+00:00,26603.0,26600.0,3.0
2018-10-01 00:13:31.432000+00:00,26602.0,26600.0,2.0
2018-10-01 00:13:31.783000+00:00,26603.0,26601.0,2.0
2018-10-01 00:13:34.591000+00:00,26603.0,26600.0,3.0
2018-10-01 00:13:36.344000+00:00,26603.0,26601.0,2.0
2018-10-01 00:13:36.696000+00:00,26603.0,26600.0,3.0
2018-10-01 00:13:37.047000+00:00,26602.0,26600.0,2.0
2018-10-01 00:13:38.451000+00:00,26603.0,26600.0,3.0
2018-10-01 00:13:44.762000+00:00,26602.0,26600.0,2.0
2018-10-01 00:13:46.865000+00:00,26603.0,26600.0,3.0
2018-10-01 00:13:50.027000+00:00,26603.0,26601.0,2.0
2018-10-01 00:13:50.378000+00:00,26603.0,26600.0,3.0
2018-10-01 00:13:51.080000+00:00,26603.0,26601.0,2.0
2018-10-01 00:13:53.532000+00:00,26603.0,26600.0,3.0
2018-10-01 00:13:53.883000+00:00,26603.0,26601.0,2.0
2018-10-01 00:13:55.637000+00:00,26603.0,26600.0,3.0
2018-10-01 00:13:58.793000+00:00,26603.0,26601.0,2.0
2018-10-01 00:13:59.493000+00:00,26604.0,26601.0,3.0
2018-10-01 00:14:03.001000+00:00,26604.0,26602.0,2.0
2018-10-01 00:14:03.351000+00:00,26603.0,26600.0,3.0
2018-10-01 00:14:06.157000+00:00,26602.0,26600.0,2.0
2018-10-01 00:14:10.016000+00:00,26603.0,26600.0,3.0
2018-10-01 00:14:13.874000+00:00,26603.0,26601.0,2.0
2018-10-01 00:14:14.577000+00:00,26604.0,26601.0,3.0
2018-10-01 00:14:17.382000+00:00,26604.0,26602.0,2.0
2018-10-01 00:14:18.788000+00:00,26604.0,26601.0,3.0
2018-10-01 00:14:19.138000+00:00,26604.0,26602.0,2.0
2018-10-01 00:14:20.189000+00:00,26605.0,26602.0,3.0
2018-10-01 00:14:23.346000+00:00,26604.0,26602.0,2.0
2018-10-01 00:14:24.048000+00:00,26605.0,26602.0,3.0
2018-10-01 00:14:27.553000+00:00,26605.0,26603.0,2.0
2018-10-01 00:14:33.168000+00:00,26604.0,26602.0,2.0
2018-10-01 00:14:34.925000+00:00,26605.0,26603.0,2.0
2018-10-01 00:14:35.275000+00:00,26604.0,26602.0,2.0
2018-10-01 00:14:38.433000+00:00,26605.0,26602.0,3.0
2018-10-01 00:14:39.483000+00:00,26604.0,26602.0,2.0
2018-10-01 00:14:40.186000+00:00,26605.0,26602.0,3.0
2018-10-01 00:14:44.396000+00:00,26605.0,26603.0,2.0
2018-10-01 00:14:47.201000+00:00,26604.0,26602.0,2.0
2018-10-01 00:14:47.555000+00:00,26603.0,26601.0,2.0
2018-10-01 00:14:50.011000+00:00,26603.0,26600.0,3.0
2018-10-01 00:14:59.133000+00:00,26602.0,26600.0,2.0
2018-10-01 00:14:59.484000+00:00,26603.0,26600.0,3.0
2018-10-01 00:15:00.186000+00:00,26602.0,26600.0,2.0
2018-10-01 00:15:01.240000+00:00,26603.0,26601.0,2.0
2018-10-01 00:15:06.150000+00:00,26603.0,26600.0,3.0
2018-10-01 00:15:14.567000+00:00,26603.0,26601.0,2.0
2018-10-01 00:15:19.125000+00:00,26604.0,26601.0,3.0
2018-10-01 00:15:23.334000+00:00,26603.0,26601.0,2.0
2018-10-01 00:15:25.788000+00:00,26603.0,26600.0,3.0
2018-10-01 00:15:33.849000+00:00,26601.0,26600.0,1.0
2018-10-01 00:15:34.200000+00:00,26602.0,26600.0,2.0
2018-10-01 00:15:34.550000+00:00,26603.0,26600.0,3.0
2018-10-01 00:15:36.304000+00:00,26601.0,26598.0,3.0
2018-10-01 00:15:39.106000+00:00,26600.0,26598.0,2.0
2018-10-01 00:15:40.158000+00:00,26601.0,26598.0,3.0
2018-10-01 00:15:44.366000+00:00,26600.0,26598.0,2.0
2018-10-01 00:15:44.718000+00:00,26600.0,26597.0,3.0
2018-10-01 00:15:47.170000+00:00,26600.0,26598.0,2.0
2018-10-01 00:15:48.223000+00:00,26600.0,26597.0,3.0
2018-10-01 00:15:51.733000+00:00,26600.0,26598.0,2.0
2018-10-01 00:16:01.200000+00:00,26601.0,26598.0,3.0
2018-10-01 00:16:01.553000+00:00,26601.0,26600.0,1.0
2018-10-01 00:16:04.710000+00:00,26603.0,26600.0,3.0
2018-10-01 00:16:05.061000+00:00,26602.0,26600.0,2.0
2018-10-01 00:16:06.814000+00:00,26601.0,26600.0,1.0
2018-10-01 00:16:11.370000+00:00,26601.0,26599.0,2.0
2018-10-01 00:16:14.872000+00:00,26601.0,26600.0,1.0
2018-10-01 00:16:16.625000+00:00,26601.0,26599.0,2.0
2018-10-01 00:16:20.129000+00:00,26601.0,26600.0,1.0
2018-10-01 00:16:21.531000+00:00,26601.0,26599.0,2.0
2018-10-01 00:16:23.633000+00:00,26601.0,26600.0,1.0
2018-10-01 00:16:26.089000+00:00,26602.0,26600.0,2.0
2018-10-01 00:16:27.845000+00:00,26602.0,26601.0,1.0
2018-10-01 00:16:28.548000+00:00,26603.0,26601.0,2.0
2018-10-01 00:16:29.249000+00:00,26602.0,26601.0,1.0
2018-10-01 00:16:33.803000+00:00,26603.0,26601.0,2.0
2018-10-01 00:16:40.464000+00:00,26602.0,26601.0,1.0
2018-10-01 00:16:45.381000+00:00,26602.0,26600.0,2.0
2018-10-01 00:16:55.899000+00:00,26601.0,26599.0,2.0
2018-10-01 00:16:58.350000+00:00,26601.0,26600.0,1.0
2018-10-01 00:17:00.804000+00:00,26602.0,26600.0,2.0
2018-10-01 00:17:03.258000+00:00,26603.0,26601.0,2.0
2018-10-01 00:17:07.116000+00:00,26602.0,26601.0,1.0
2018-10-01 00:17:09.924000+00:00,26603.0,26601.0,2.0
2018-10-01 00:17:12.726000+00:00,26603.0,26602.0,1.0
2018-10-01 00:17:13.427000+00:00,26602.0,26601.0,1.0
2018-10-01 00:17:16.583000+00:00,26603.0,26601.0,2.0
2018-10-01 00:17:17.984000+00:00,26603.0,26602.0,1.0
2018-10-01 00:17:19.035000+00:00,26603.0,26601.0,2.0
2018-10-01 00:17:20.088000+00:00,26604.0,26601.0,3.0
2018-10-01 00:17:20.792000+00:00,26604.0,26602.0,2.0
2018-10-01 00:17:21.844000+00:00,26605.0,26602.0,3.0
2018-10-01 00:17:22.895000+00:00,26604.0,26602.0,2.0
2018-10-01 00:17:29.203000+00:00,26604.0,26601.0,3.0
2018-10-01 00:17:41.118000+00:00,26604.0,26602.0,2.0
2018-10-01 00:17:41.468000+00:00,26604.0,26603.0,1.0
2018-10-01 00:17:41.819000+00:00,26605.0,26603.0,2.0
2018-10-01 00:17:48.125000+00:00,26604.0,26603.0,1.0
2018-10-01 00:17:48.475000+00:00,26606.0,26603.0,3.0
2018-10-01 00:17:49.176000+00:00,26605.0,26603.0,2.0
2018-10-01 00:17:49.877000+00:00,26605.0,26602.0,3.0
2018-10-01 00:17:51.629000+00:00,26604.0,26601.0,3.0
2018-10-01 00:17:54.431000+00:00,26604.0,26602.0,2.0
2018-10-01 00:17:57.938000+00:00,26605.0,26602.0,3.0
2018-10-01 00:18:06.001000+00:00,26602.0,26600.0,2.0
2018-10-01 00:18:09.508000+00:00,26603.0,26600.0,3.0
2018-10-01 00:18:09.858000+00:00,26602.0,26600.0,2.0
2018-10-01 00:18:17.567000+00:00,26603.0,26601.0,2.0
2018-10-01 00:18:19.319000+00:00,26603.0,26600.0,3.0
2018-10-01 00:18:24.228000+00:00,26603.0,26601.0,2.0
2018-10-01 00:18:24.580000+00:00,26603.0,26600.0,3.0
2018-10-01 00:18:28.784000+00:00,26603.0,26601.0,2.0
2018-10-01 00:18:29.835000+00:00,26603.0,26600.0,3.0
2018-10-01 00:18:30.536000+00:00,26603.0,26601.0,2.0
2018-10-01 00:18:31.587000+00:00,26603.0,26600.0,3.0
2018-10-01 00:18:33.342000+00:00,26602.0,26600.0,2.0
2018-10-01 00:18:37.897000+00:00,26602.0,26599.0,3.0
2018-10-01 00:18:43.154000+00:00,26601.0,26599.0,2.0
2018-10-01 00:18:46.309000+00:00,26602.0,26600.0,2.0
2018-10-01 00:18:48.060000+00:00,26602.0,26599.0,3.0
2018-10-01 00:18:51.615000+00:00,26603.0,26600.0,3.0
2018-10-01 00:18:51.966000+00:00,26601.0,26599.0,2.0
2018-10-01 00:18:56.872000+00:00,26601.0,26598.0,3.0
2018-10-01 00:18:59.324000+00:00,26600.0,26598.0,2.0
2018-10-01 00:19:00.375000+00:00,26601.0,26598.0,3.0
2018-10-01 00:19:08.786000+00:00,26600.0,26598.0,2.0
2018-10-01 00:19:09.838000+00:00,26601.0,26600.0,1.0
2018-10-01 00:19:22.465000+00:00,26602.0,26600.0,2.0
2018-10-01 00:19:23.517000+00:00,26601.0,26600.0,1.0
2018-10-01 00:19:24.218000+00:00,26601.0,26599.0,2.0
2018-10-01 00:19:24.568000+00:00,26600.0,26599.0,1.0
2018-10-01 00:19:25.273000+00:00,26601.0,26599.0,2.0
2018-10-01 00:19:25.975000+00:00,26600.0,26599.0,1.0
2018-10-01 00:19:27.026000+00:00,26601.0,26599.0,2.0
2018-10-01 00:19:29.480000+00:00,26600.0,26599.0,1.0
2018-10-01 00:19:30.182000+00:00,26600.0,26598.0,2.0
2018-10-01 00:19:32.985000+00:00,26600.0,26599.0,1.0
2018-10-01 00:19:34.737000+00:00,26600.0,26598.0,2.0
2018-10-01 00:19:43.146000+00:00,26600.0,26599.0,1.0
2018-10-01 00:19:44.549000+00:00,26600.0,26598.0,2.0
2018-10-01 00:19:52.261000+00:00,26599.0,26598.0,1.0
2018-10-01 00:19:54.365000+00:00,26600.0,26598.0,2.0
2018-10-01 00:19:54.715000+00:00,26600.0,26599.0,1.0
2018-10-01 00:20:01.026000+00:00,26600.0,26598.0,2.0
2018-10-01 00:20:04.536000+00:00,26600.0,26599.0,1.0
2018-10-01 00:20:08.742000+00:00,26602.0,26599.0,3.0
2018-10-01 00:20:09.093000+00:00,26601.0,26599.0,2.0
2018-10-01 00:20:09.793000+00:00,26600.0,26599.0,1.0
2018-10-01 00:20:10.145000+00:00,26600.0,26598.0,2.0
2018-10-01 00:20:11.547000+00:00,26599.0,26598.0,1.0
2018-10-01 00:20:12.248000+00:00,26600.0,26597.0,3.0
2018-10-01 00:20:12.599000+00:00,26599.0,26597.0,2.0
2018-10-01 00:20:28.725000+00:00,26598.0,26597.0,1.0
2018-10-01 00:20:31.181000+00:00,26598.0,26596.0,2.0
2018-10-01 00:20:35.385000+00:00,26599.0,26597.0,2.0
2018-10-01 00:20:44.848000+00:00,26599.0,26598.0,1.0
2018-10-01 00:20:50.104000+00:00,26601.0,26598.0,3.0
2018-10-01 00:20:50.454000+00:00,26600.0,26598.0,2.0
2018-10-01 00:20:53.958000+00:00,26600.0,26599.0,1.0
2018-10-01 00:20:55.011000+00:00,26599.0,26598.0,1.0
2018-10-01 00:20:55.710000+00:00,26599.0,26597.0,2.0
2018-10-01 00:21:08.675000+00:00,26599.0,26598.0,1.0
2018-10-01 00:21:15.685000+00:00,26600.0,26598.0,2.0
2018-10-01 00:21:16.036000+00:00,26600.0,26599.0,1.0
2018-10-01 00:21:20.240000+00:00,26601.0,26599.0,2.0
2018-10-01 00:21:21.292000+00:00,26601.0,26600.0,1.0
2018-10-01 00:21:21.642000+00:00,26601.0,26599.0,2.0
2018-10-01 00:21:23.045000+00:00,26601.0,26600.0,1.0
2018-10-01 00:21:25.849000+00:00,26601.0,26599.0,2.0
2018-10-01 00:21:30.052000+00:00,26600.0,26599.0,1.0
2018-10-01 00:21:31.105000+00:00,26600.0,26598.0,2.0
2018-10-01 00:21:40.917000+00:00,26600.0,26599.0,1.0
2018-10-01 00:21:42.669000+00:00,26600.0,26598.0,2.0
2018-10-01 00:21:47.227000+00:00,26600.0,26599.0,1.0
2018-10-01 00:21:48.278000+00:00,26600.0,26598.0,2.0
2018-10-01 00:21:48.979000+00:00,26601.0,26599.0,2.0
2018-10-01 00:21:49.330000+00:00,26601.0,26600.0,1.0
2018-10-01 00:21:50.732000+00:00,26602.0,26600.0,2.0
2018-10-01 00:21:53.537000+00:00,26601.0,26600.0,1.0
2018-10-01 00:21:58.443000+00:00,26602.0,26600.0,2.0
2018-10-01 00:21:58.793000+00:00,26601.0,26599.0,2.0
2018-10-01 00:22:00.548000+00:00,26601.0,26600.0,1.0
2018-10-01 00:22:00.898000+00:00,26602.0,26600.0,2.0
2018-10-01 00:22:12.468000+00:00,26601.0,26600.0,1.0
2018-10-01 00:22:28.942000+00:00,26602.0,26600.0,2.0
2018-10-01 00:22:36.299000+00:00,26604.0,26601.0,3.0
2018-10-01 00:22:36.649000+00:00,26603.0,26601.0,2.0
2018-10-01 00:22:40.503000+00:00,26604.0,26601.0,3.0
2018-10-01 00:22:45.759000+00:00,26603.0,26601.0,2.0
2018-10-01 00:22:46.110000+00:00,26602.0,26600.0,2.0
2018-10-01 00:22:47.512000+00:00,26603.0,26601.0,2.0
2018-10-01 00:22:49.265000+00:00,26603.0,26600.0,3.0
2018-10-01 00:22:49.614000+00:00,26602.0,26600.0,2.0
2018-10-01 00:22:50.315000+00:00,26603.0,26601.0,2.0
2018-10-01 00:22:53.122000+00:00,26602.0,26600.0,2.0
2018-10-01 00:22:55.925000+00:00,26604.0,26601.0,3.0
2018-10-01 00:22:56.279000+00:00,26603.0,26601.0,2.0
2018-10-01 00:22:58.030000+00:00,26602.0,26601.0,1.0
2018-10-01 00:23:00.487000+00:00,26603.0,26601.0,2.0
2018-10-01 00:23:00.837000+00:00,26602.0,26601.0,1.0
2018-10-01 00:23:01.188000+00:00,26603.0,26601.0,2.0
2018-10-01 00:23:06.801000+00:00,26603.0,26602.0,1.0
2018-10-01 00:23:15.916000+00:00,26603.0,26601.0,2.0
2018-10-01 00:23:21.525000+00:00,26603.0,26602.0,1.0
2018-10-01 00:23:25.379000+00:00,26603.0,26601.0,2.0
2018-10-01 00:23:25.729000+00:00,26602.0,26601.0,1.0
2018-10-01 00:23:28.533000+00:00,26603.0,26601.0,2.0
2018-10-01 00:23:30.287000+00:00,26602.0,26601.0,1.0
2018-10-01 00:23:30.637000+00:00,26603.0,26601.0,2.0
2018-10-01 00:23:43.963000+00:00,26603.0,26602.0,1.0
2018-10-01 00:23:46.769000+00:00,26603.0,26601.0,2.0
2018-10-01 00:23:53.784000+00:00,26603.0,26602.0,1.0
2018-10-01 00:23:56.943000+00:00,26603.0,26601.0,2.0
2018-10-01 00:23:57.995000+00:00,26603.0,26602.0,1.0
2018-10-01 00:23:59.397000+00:00,26603.0,26601.0,2.0
2018-10-01 00:24:00.449000+00:00,26604.0,26603.0,1.0
2018-10-01 00:24:00.800000+00:00,26603.0,26602.0,1.0
2018-10-01 00:24:01.150000+00:00,26604.0,26601.0,3.0
2018-10-01 00:24:09.214000+00:00,26604.0,26602.0,2.0
2018-10-01 00:24:10.615000+00:00,26605.0,26602.0,3.0
2018-10-01 00:24:18.330000+00:00,26605.0,26603.0,2.0
2018-10-01 00:24:19.032000+00:00,26606.0,26603.0,3.0
2018-10-01 00:24:19.382000+00:00,26605.0,26603.0,2.0
2018-10-01 00:24:23.939000+00:00,26604.0,26603.0,1.0
2018-10-01 00:24:27.445000+00:00,26605.0,26603.0,2.0
2018-10-01 00:24:31.651000+00:00,26605.0,26604.0,1.0
2018-10-01 00:24:49.872000+00:00,26606.0,26604.0,2.0
2018-10-01 00:24:50.573000+00:00,26607.0,26604.0,3.0
2018-10-01 00:24:53.377000+00:00,26606.0,26604.0,2.0
2018-10-01 00:24:54.078000+00:00,26607.0,26604.0,3.0
2018-10-01 00:24:58.634000+00:00,26606.0,26604.0,2.0
2018-10-01 00:25:09.508000+00:00,26605.0,26602.0,3.0
2018-10-01 00:25:09.861000+00:00,26604.0,26601.0,3.0
2018-10-01 00:25:10.563000+00:00,26604.0,26602.0,2.0
2018-10-01 00:25:12.315000+00:00,26604.0,26603.0,1.0
2018-10-01 00:25:14.070000+00:00,26604.0,26602.0,2.0
2018-10-01 00:25:14.773000+00:00,26603.0,26601.0,2.0
2018-10-01 00:25:17.924000+00:00,26604.0,26602.0,2.0
2018-10-01 00:25:20.731000+00:00,26605.0,26602.0,3.0
2018-10-01 00:25:23.183000+00:00,26604.0,26601.0,3.0
2018-10-01 00:25:23.884000+00:00,26604.0,26602.0,2.0
2018-10-01 00:25:29.842000+00:00,26603.0,26601.0,2.0
2018-10-01 00:25:33.830000+00:00,26603.0,26600.0,3.0
2018-10-01 00:25:35.234000+00:00,26603.0,26601.0,2.0
2018-10-01 00:25:35.585000+00:00,26602.0,26600.0,2.0
2018-10-01 00:25:39.088000+00:00,26603.0,26600.0,3.0
2018-10-01 00:25:42.244000+00:00,26602.0,26600.0,2.0
2018-10-01 00:25:49.958000+00:00,26603.0,26600.0,3.0
2018-10-01 00:25:55.216000+00:00,26602.0,26600.0,2.0
2018-10-01 00:25:56.268000+00:00,26603.0,26600.0,3.0
2018-10-01 00:26:06.082000+00:00,26602.0,26600.0,2.0
2018-10-01 00:26:13.092000+00:00,26603.0,26600.0,3.0
2018-10-01 00:26:13.796000+00:00,26603.0,26601.0,2.0
2018-10-01 00:26:14.848000+00:00,26602.0,26600.0,2.0
2018-10-01 00:26:17.301000+00:00,26603.0,26600.0,3.0
2018-10-01 00:26:18.704000+00:00,26603.0,26601.0,2.0
2018-10-01 00:26:19.758000+00:00,26602.0,26600.0,2.0
2018-10-01 00:26:20.459000+00:00,26603.0,26600.0,3.0
2018-10-01 00:26:22.561000+00:00,26603.0,26601.0,2.0
2018-10-01 00:26:26.770000+00:00,26603.0,26600.0,3.0
2018-10-01 00:26:27.821000+00:00,26603.0,26601.0,2.0
2018-10-01 00:26:28.522000+00:00,26604.0,26601.0,3.0
2018-10-01 00:26:28.873000+00:00,26603.0,26600.0,3.0
2018-10-01 00:26:30.274000+00:00,26603.0,26601.0,2.0
2018-10-01 00:26:32.377000+00:00,26604.0,26601.0,3.0
2018-10-01 00:26:32.729000+00:00,26603.0,26601.0,2.0
2018-10-01 00:26:46.747000+00:00,26604.0,26601.0,3.0
2018-10-01 00:26:50.252000+00:00,26604.0,26602.0,2.0
2018-10-01 00:26:50.602000+00:00,26605.0,26602.0,3.0
2018-10-01 00:26:54.459000+00:00,26604.0,26602.0,2.0
2018-10-01 00:27:05.322000+00:00,26605.0,26602.0,3.0
2018-10-01 00:27:06.723000+00:00,26604.0,26602.0,2.0
2018-10-01 00:27:07.424000+00:00,26605.0,26603.0,2.0
2018-10-01 00:27:10.926000+00:00,26604.0,26603.0,1.0
2018-10-01 00:27:20.477000+00:00,26605.0,26603.0,2.0
2018-10-01 00:27:25.382000+00:00,26605.0,26604.0,1.0
2018-10-01 00:27:32.062000+00:00,26604.0,26602.0,2.0
2018-10-01 00:27:32.412000+00:00,26603.0,26601.0,2.0
2018-10-01 00:27:34.165000+00:00,26604.0,26601.0,3.0
2018-10-01 00:27:34.517000+00:00,26603.0,26601.0,2.0
2018-10-01 00:27:36.268000+00:00,26604.0,26601.0,3.0
2018-10-01 00:27:40.474000+00:00,26604.0,26602.0,2.0
2018-10-01 00:27:42.926000+00:00,26604.0,26601.0,3.0
2018-10-01 00:27:45.728000+00:00,26604.0,26602.0,2.0
2018-10-01 00:27:50.713000+00:00,26604.0,26601.0,3.0
2018-10-01 00:27:51.765000+00:00,26603.0,26601.0,2.0
2018-10-01 00:27:52.115000+00:00,26603.0,26600.0,3.0
2018-10-01 00:28:00.640000+00:00,26603.0,26601.0,2.0
2018-10-01 00:28:02.041000+00:00,26603.0,26600.0,3.0
2018-10-01 00:28:09.172000+00:00,26602.0,26600.0,2.0
2018-10-01 00:28:09.523000+00:00,26601.0,26599.0,2.0
2018-10-01 00:28:13.400000+00:00,26602.0,26599.0,3.0
2018-10-01 00:28:16.554000+00:00,26601.0,26599.0,2.0
2018-10-01 00:28:20.409000+00:00,26602.0,26599.0,3.0
2018-10-01 00:28:29.166000+00:00,26601.0,26599.0,2.0
2018-10-01 00:28:45.640000+00:00,26600.0,26598.0,2.0
2018-10-01 00:28:45.992000+00:00,26601.0,26598.0,3.0
2018-10-01 00:28:47.744000+00:00,26598.0,26598.0,0.0
2018-10-01 00:28:48.446000+00:00,26600.0,26598.0,2.0
2018-10-01 00:28:49.147000+00:00,26599.0,26598.0,1.0
2018-10-01 00:28:50.197000+00:00,26600.0,26598.0,2.0
2018-10-01 00:28:54.054000+00:00,26600.0,26599.0,1.0
2018-10-01 00:29:24.895000+00:00,26601.0,26599.0,2.0
2018-10-01 00:29:28.750000+00:00,26600.0,26599.0,1.0
2018-10-01 00:29:34.356000+00:00,26601.0,26599.0,2.0
2018-10-01 00:29:58.883000+00:00,26600.0,26598.0,2.0
2018-10-01 00:29:59.235000+00:00,26599.0,26596.0,3.0
2018-10-01 00:30:00.991000+00:00,26599.0,26597.0,2.0
2018-10-01 00:30:01.692000+00:00,26599.0,26596.0,3.0
2018-10-01 00:30:02.043000+00:00,26599.0,26597.0,2.0
2018-10-01 00:30:02.395000+00:00,26600.0,26597.0,3.0
2018-10-01 00:30:03.447000+00:00,26600.0,26598.0,2.0
2018-10-01 00:30:06.251000+00:00,26600.0,26597.0,3.0
2018-10-01 00:30:06.602000+00:00,26599.0,26597.0,2.0
2018-10-01 00:30:17.469000+00:00,26600.0,26598.0,2.0
2018-10-01 00:30:17.820000+00:00,26599.0,26597.0,2.0
2018-10-01 00:30:20.973000+00:00,26600.0,26597.0,3.0
2018-10-01 00:30:21.324000+00:00,26600.0,26598.0,2.0
2018-10-01 00:30:28.332000+00:00,26601.0,26599.0,2.0
2018-10-01 00:30:31.137000+00:00,26602.0,26600.0,2.0
2018-10-01 00:30:31.837000+00:00,26602.0,26599.0,3.0
2018-10-01 00:30:33.240000+00:00,26602.0,26600.0,2.0
2018-10-01 00:30:37.093000+00:00,26602.0,26599.0,3.0
2018-10-01 00:30:41.304000+00:00,26602.0,26600.0,2.0
2018-10-01 00:30:41.655000+00:00,26603.0,26600.0,3.0
2018-10-01 00:30:42.005000+00:00,26602.0,26599.0,3.0
2018-10-01 00:30:43.410000+00:00,26601.0,26599.0,2.0
2018-10-01 00:30:45.514000+00:00,26602.0,26599.0,3.0
2018-10-01 00:30:48.668000+00:00,26602.0,26600.0,2.0
2018-10-01 00:30:49.370000+00:00,26602.0,26599.0,3.0
2018-10-01 00:30:53.224000+00:00,26601.0,26599.0,2.0
2018-10-01 00:30:53.926000+00:00,26600.0,26597.0,3.0
2018-10-01 00:30:54.276000+00:00,26599.0,26597.0,2.0
2018-10-01 00:30:58.830000+00:00,26600.0,26597.0,3.0
2018-10-01 00:30:59.180000+00:00,26599.0,26597.0,2.0
2018-10-01 00:30:59.885000+00:00,26600.0,26597.0,3.0
2018-10-01 00:31:01.286000+00:00,26600.0,26598.0,2.0
2018-10-01 00:31:06.192000+00:00,26601.0,26598.0,3.0
2018-10-01 00:31:10.046000+00:00,26602.0,26600.0,2.0
2018-10-01 00:31:11.802000+00:00,26601.0,26600.0,1.0
2018-10-01 00:31:17.057000+00:00,26601.0,26599.0,2.0
2018-10-01 00:31:18.811000+00:00,26601.0,26600.0,1.0
2018-10-01 00:31:20.563000+00:00,26601.0,26599.0,2.0
2018-10-01 00:31:21.264000+00:00,26601.0,26600.0,1.0
2018-10-01 00:31:24.418000+00:00,26601.0,26599.0,2.0
2018-10-01 00:31:28.622000+00:00,26600.0,26599.0,1.0
2018-10-01 00:31:28.972000+00:00,26601.0,26599.0,2.0
2018-10-01 00:31:37.388000+00:00,26600.0,26599.0,1.0
2018-10-01 00:31:42.997000+00:00,26599.0,26598.0,1.0
2018-10-01 00:31:46.152000+00:00,26600.0,26598.0,2.0
2018-10-01 00:31:51.057000+00:00,26600.0,26599.0,1.0
2018-10-01 00:31:54.213000+00:00,26601.0,26599.0,2.0
2018-10-01 00:32:00.174000+00:00,26600.0,26599.0,1.0
2018-10-01 00:32:02.982000+00:00,26601.0,26600.0,1.0
2018-10-01 00:32:03.332000+00:00,26601.0,26599.0,2.0
2018-10-01 00:32:05.434000+00:00,26600.0,26599.0,1.0
2018-10-01 00:32:06.837000+00:00,26601.0,26600.0,1.0
2018-10-01 00:32:07.538000+00:00,26601.0,26599.0,2.0
2018-10-01 00:32:07.889000+00:00,26601.0,26600.0,1.0
2018-10-01 00:32:10.695000+00:00,26601.0,26599.0,2.0
2018-10-01 00:32:11.746000+00:00,26600.0,26598.0,2.0
2018-10-01 00:32:17.008000+00:00,26600.0,26599.0,1.0
2018-10-01 00:32:19.461000+00:00,26601.0,26599.0,2.0
2018-10-01 00:32:20.163000+00:00,26600.0,26599.0,1.0
2018-10-01 00:32:20.864000+00:00,26600.0,26598.0,2.0
2018-10-01 00:32:26.122000+00:00,26600.0,26599.0,1.0
2018-10-01 00:32:27.873000+00:00,26602.0,26599.0,3.0
2018-10-01 00:32:28.224000+00:00,26601.0,26599.0,2.0
2018-10-01 00:32:29.626000+00:00,26600.0,26598.0,2.0
2018-10-01 00:32:31.027000+00:00,26600.0,26599.0,1.0
2018-10-01 00:32:32.079000+00:00,26600.0,26598.0,2.0
2018-10-01 00:32:33.131000+00:00,26600.0,26599.0,1.0
2018-10-01 00:32:39.089000+00:00,26601.0,26599.0,2.0
2018-10-01 00:32:43.296000+00:00,26601.0,26600.0,1.0
2018-10-01 00:32:46.801000+00:00,26600.0,26599.0,1.0
2018-10-01 00:32:49.955000+00:00,26601.0,26600.0,1.0
2018-10-01 00:32:51.008000+00:00,26602.0,26600.0,2.0
2018-10-01 00:33:12.389000+00:00,26601.0,26599.0,2.0
2018-10-01 00:33:21.152000+00:00,26602.0,26600.0,2.0
2018-10-01 00:33:21.502000+00:00,26602.0,26599.0,3.0
2018-10-01 00:33:25.356000+00:00,26602.0,26600.0,2.0
2018-10-01 00:33:25.707000+00:00,26602.0,26599.0,3.0
2018-10-01 00:33:29.913000+00:00,26602.0,26600.0,2.0
2018-10-01 00:33:35.518000+00:00,26602.0,26599.0,3.0
2018-10-01 00:33:37.622000+00:00,26602.0,26600.0,2.0
2018-10-01 00:33:40.075000+00:00,26602.0,26599.0,3.0
2018-10-01 00:33:40.776000+00:00,26601.0,26599.0,2.0
2018-10-01 00:33:51.291000+00:00,26602.0,26599.0,3.0
2018-10-01 00:33:54.445000+00:00,26601.0,26599.0,2.0
2018-10-01 00:34:06.010000+00:00,26601.0,26600.0,1.0
2018-10-01 00:34:08.814000+00:00,26603.0,26600.0,3.0
2018-10-01 00:34:09.164000+00:00,26602.0,26600.0,2.0
2018-10-01 00:34:09.514000+00:00,26601.0,26600.0,1.0
2018-10-01 00:34:10.566000+00:00,26601.0,26599.0,2.0
2018-10-01 00:34:13.719000+00:00,26601.0,26600.0,1.0
2018-10-01 00:34:17.573000+00:00,26601.0,26599.0,2.0
2018-10-01 00:34:21.079000+00:00,26603.0,26600.0,3.0
2018-10-01 00:34:21.430000+00:00,26602.0,26600.0,2.0
2018-10-01 00:34:23.183000+00:00,26601.0,26600.0,1.0
2018-10-01 00:34:28.438000+00:00,26602.0,26600.0,2.0
2018-10-01 00:34:31.241000+00:00,26601.0,26600.0,1.0
2018-10-01 00:34:31.591000+00:00,26602.0,26600.0,2.0
2018-10-01 00:34:35.447000+00:00,26601.0,26599.0,2.0
2018-10-01 00:34:42.104000+00:00,26602.0,26599.0,3.0
2018-10-01 00:34:51.215000+00:00,26601.0,26599.0,2.0
2018-10-01 00:34:54.017000+00:00,26602.0,26599.0,3.0
2018-10-01 00:34:56.819000+00:00,26601.0,26599.0,2.0
2018-10-01 00:35:02.777000+00:00,26602.0,26599.0,3.0
2018-10-01 00:35:03.127000+00:00,26602.0,26600.0,2.0
2018-10-01 00:35:03.829000+00:00,26602.0,26599.0,3.0
2018-10-01 00:35:04.531000+00:00,26601.0,26599.0,2.0
2018-10-01 00:35:05.936000+00:00,26601.0,26598.0,3.0
2018-10-01 00:35:09.089000+00:00,26601.0,26599.0,2.0
2018-10-01 00:35:13.295000+00:00,26602.0,26599.0,3.0
2018-10-01 00:35:16.452000+00:00,26602.0,26600.0,2.0
2018-10-01 00:35:30.832000+00:00,26601.0,26599.0,2.0
2018-10-01 00:35:31.534000+00:00,26602.0,26599.0,3.0
2018-10-01 00:35:31.886000+00:00,26601.0,26599.0,2.0
2018-10-01 00:35:32.939000+00:00,26602.0,26600.0,2.0
2018-10-01 00:35:39.951000+00:00,26603.0,26600.0,3.0
2018-10-01 00:35:46.608000+00:00,26602.0,26600.0,2.0
2018-10-01 00:35:50.814000+00:00,26601.0,26600.0,1.0
2018-10-01 00:35:51.163000+00:00,26602.0,26600.0,2.0
2018-10-01 00:36:07.631000+00:00,26602.0,26601.0,1.0
2018-10-01 00:36:18.142000+00:00,26604.0,26602.0,2.0
2018-10-01 00:36:18.492000+00:00,26603.0,26602.0,1.0
2018-10-01 00:36:21.296000+00:00,26604.0,26602.0,2.0
2018-10-01 00:36:21.646000+00:00,26603.0,26602.0,1.0
2018-10-01 00:36:23.398000+00:00,26603.0,26601.0,2.0
2018-10-01 00:36:24.800000+00:00,26603.0,26602.0,1.0
2018-10-01 00:36:25.501000+00:00,26603.0,26601.0,2.0
2018-10-01 00:36:38.814000+00:00,26603.0,26602.0,1.0
2018-10-01 00:36:43.022000+00:00,26604.0,26602.0,2.0
2018-10-01 00:36:43.373000+00:00,26603.0,26602.0,1.0
2018-10-01 00:36:47.578000+00:00,26605.0,26602.0,3.0
2018-10-01 00:36:47.928000+00:00,26604.0,26602.0,2.0
2018-10-01 00:36:48.979000+00:00,26603.0,26602.0,1.0
2018-10-01 00:36:51.433000+00:00,26604.0,26602.0,2.0
2018-10-01 00:37:01.242000+00:00,26603.0,26602.0,1.0
2018-10-01 00:37:05.797000+00:00,26604.0,26602.0,2.0
2018-10-01 00:37:13.508000+00:00,26603.0,26602.0,1.0
2018-10-01 00:37:21.404000+00:00,26604.0,26602.0,2.0
2018-10-01 00:37:29.110000+00:00,26603.0,26602.0,1.0
2018-10-01 00:37:43.472000+00:00,26605.0,26602.0,3.0
2018-10-01 00:37:43.822000+00:00,26604.0,26602.0,2.0
2018-10-01 00:38:16.242000+00:00,26603.0,26602.0,1.0
2018-10-01 00:38:17.643000+00:00,26604.0,26602.0,2.0
2018-10-01 00:38:21.496000+00:00,26604.0,26603.0,1.0
2018-10-01 00:38:26.402000+00:00,26603.0,26602.0,1.0
2018-10-01 00:38:29.557000+00:00,26603.0,26601.0,2.0
2018-10-01 00:38:29.909000+00:00,26603.0,26602.0,1.0
2018-10-01 00:38:42.172000+00:00,26604.0,26602.0,2.0
2018-10-01 00:38:44.275000+00:00,26603.0,26602.0,1.0
2018-10-01 00:38:51.317000+00:00,26604.0,26602.0,2.0
2018-10-01 00:39:05.683000+00:00,26604.0,26603.0,1.0
2018-10-01 00:39:11.989000+00:00,26603.0,26602.0,1.0
2018-10-01 00:39:18.996000+00:00,26605.0,26602.0,3.0
2018-10-01 00:39:19.347000+00:00,26604.0,26602.0,2.0
2018-10-01 00:39:23.201000+00:00,26604.0,26603.0,1.0
2018-10-01 00:39:25.652000+00:00,26604.0,26602.0,2.0
2018-10-01 00:39:30.211000+00:00,26603.0,26602.0,1.0
2018-10-01 00:39:30.564000+00:00,26604.0,26602.0,2.0
2018-10-01 00:39:42.476000+00:00,26603.0,26602.0,1.0
2018-10-01 00:39:48.083000+00:00,26603.0,26601.0,2.0
2018-10-01 00:40:08.411000+00:00,26604.0,26602.0,2.0
2018-10-01 00:40:12.969000+00:00,26604.0,26603.0,1.0
2018-10-01 00:40:24.188000+00:00,26606.0,26604.0,2.0
2018-10-01 00:40:24.539000+00:00,26605.0,26604.0,1.0
2018-10-01 00:40:30.848000+00:00,26606.0,26604.0,2.0
2018-10-01 00:40:32.599000+00:00,26606.0,26605.0,1.0
2018-10-01 00:40:37.505000+00:00,26606.0,26604.0,2.0
2018-10-01 00:40:37.854000+00:00,26606.0,26605.0,1.0
2018-10-01 00:40:51.521000+00:00,26607.0,26605.0,2.0
2018-10-01 00:40:53.973000+00:00,26606.0,26605.0,1.0
2018-10-01 00:40:58.179000+00:00,26606.0,26604.0,2.0
2018-10-01 00:41:01.334000+00:00,26605.0,26604.0,1.0
2018-10-01 00:41:06.595000+00:00,26606.0,26603.0,3.0
2018-10-01 00:41:06.947000+00:00,26604.0,26603.0,1.0
2018-10-01 00:41:12.557000+00:00,26605.0,26603.0,2.0
2018-10-01 00:41:15.361000+00:00,26604.0,26603.0,1.0
2018-10-01 00:41:20.265000+00:00,26605.0,26603.0,2.0
2018-10-01 00:41:26.922000+00:00,26604.0,26603.0,1.0
2018-10-01 00:41:27.622000+00:00,26605.0,26603.0,2.0
2018-10-01 00:41:30.075000+00:00,26604.0,26603.0,1.0
2018-10-01 00:41:30.776000+00:00,26606.0,26603.0,3.0
2018-10-01 00:41:31.126000+00:00,26604.0,26603.0,1.0
2018-10-01 00:41:31.479000+00:00,26605.0,26603.0,2.0
2018-10-01 00:41:34.285000+00:00,26604.0,26602.0,2.0
2018-10-01 00:41:35.688000+00:00,26604.0,26601.0,3.0
2018-10-01 00:41:36.388000+00:00,26604.0,26602.0,2.0
2018-10-01 00:41:42.695000+00:00,26605.0,26603.0,2.0
2018-10-01 00:41:43.045000+00:00,26605.0,26602.0,3.0
2018-10-01 00:41:44.099000+00:00,26604.0,26602.0,2.0
2018-10-01 00:41:48.304000+00:00,26605.0,26602.0,3.0
2018-10-01 00:41:59.872000+00:00,26605.0,26603.0,2.0
2018-10-01 00:42:01.979000+00:00,26605.0,26602.0,3.0
2018-10-01 00:42:07.587000+00:00,26604.0,26602.0,2.0
2018-10-01 00:42:10.044000+00:00,26605.0,26602.0,3.0
2018-10-01 00:42:12.847000+00:00,26604.0,26602.0,2.0
2018-10-01 00:42:22.307000+00:00,26603.0,26602.0,1.0
2018-10-01 00:42:42.638000+00:00,26604.0,26602.0,2.0
2018-10-01 00:42:42.989000+00:00,26603.0,26601.0,2.0
2018-10-01 00:42:52.800000+00:00,26603.0,26602.0,1.0
2018-10-01 00:42:57.004000+00:00,26603.0,26601.0,2.0
2018-10-01 00:43:01.211000+00:00,26603.0,26602.0,1.0
2018-10-01 00:43:05.066000+00:00,26603.0,26601.0,2.0
2018-10-01 00:43:06.817000+00:00,26602.0,26601.0,1.0
2018-10-01 00:43:48.171000+00:00,26603.0,26601.0,2.0
2018-10-01 00:43:48.521000+00:00,26603.0,26602.0,1.0
2018-10-01 00:44:35.536000+00:00,26604.0,26602.0,2.0
2018-10-01 00:44:35.887000+00:00,26603.0,26602.0,1.0
2018-10-01 00:44:40.170000+00:00,26604.0,26602.0,2.0
2018-10-01 00:44:45.424000+00:00,26603.0,26602.0,1.0
2018-10-01 00:44:48.227000+00:00,26604.0,26602.0,2.0
2018-10-01 00:44:53.834000+00:00,26605.0,26602.0,3.0
2018-10-01 00:45:00.494000+00:00,26604.0,26602.0,2.0
2018-10-01 00:45:23.970000+00:00,26603.0,26602.0,1.0
2018-10-01 00:45:29.226000+00:00,26604.0,26603.0,1.0
2018-10-01 00:45:29.927000+00:00,26604.0,26602.0,2.0
2018-10-01 00:45:33.084000+00:00,26603.0,26602.0,1.0
2018-10-01 00:45:40.788000+00:00,26605.0,26602.0,3.0
2018-10-01 00:45:41.139000+00:00,26604.0,26602.0,2.0
2018-10-01 00:45:41.489000+00:00,26603.0,26602.0,1.0
2018-10-01 00:45:47.098000+00:00,26604.0,26602.0,2.0
2018-10-01 00:45:50.251000+00:00,26605.0,26602.0,3.0
2018-10-01 00:45:50.602000+00:00,26604.0,26602.0,2.0
2018-10-01 00:45:51.304000+00:00,26603.0,26602.0,1.0
2018-10-01 00:46:04.619000+00:00,26604.0,26602.0,2.0
2018-10-01 00:46:17.235000+00:00,26604.0,26603.0,1.0
2018-10-01 00:46:24.950000+00:00,26606.0,26604.0,2.0
2018-10-01 00:46:25.300000+00:00,26605.0,26604.0,1.0
2018-10-01 00:46:27.403000+00:00,26606.0,26604.0,2.0
2018-10-01 00:46:27.754000+00:00,26605.0,26604.0,1.0
2018-10-01 00:46:32.659000+00:00,26606.0,26604.0,2.0
2018-10-01 00:46:37.915000+00:00,26605.0,26604.0,1.0
2018-10-01 00:46:41.770000+00:00,26606.0,26604.0,2.0
2018-10-01 00:46:49.831000+00:00,26606.0,26605.0,1.0
2018-10-01 00:47:09.805000+00:00,26607.0,26606.0,1.0
2018-10-01 00:47:10.155000+00:00,26607.0,26605.0,2.0
2018-10-01 00:47:10.506000+00:00,26606.0,26605.0,1.0
2018-10-01 00:47:12.259000+00:00,26608.0,26607.0,1.0
2018-10-01 00:47:12.609000+00:00,26607.0,26606.0,1.0
2018-10-01 00:47:14.361000+00:00,26608.0,26606.0,2.0
2018-10-01 00:47:14.712000+00:00,26608.0,26607.0,1.0
2018-10-01 00:47:21.724000+00:00,26610.0,26608.0,2.0
2018-10-01 00:47:22.074000+00:00,26609.0,26608.0,1.0
2018-10-01 00:47:22.424000+00:00,26610.0,26608.0,2.0
2018-10-01 00:47:22.775000+00:00,26610.0,26607.0,3.0
2018-10-01 00:47:23.125000+00:00,26610.0,26608.0,2.0
2018-10-01 00:47:30.134000+00:00,26611.0,26608.0,3.0
2018-10-01 00:47:35.040000+00:00,26611.0,26609.0,2.0
2018-10-01 00:47:36.792000+00:00,26611.0,26610.0,1.0
2018-10-01 00:47:37.493000+00:00,26612.0,26610.0,2.0
2018-10-01 00:47:40.295000+00:00,26613.0,26610.0,3.0
2018-10-01 00:47:40.996000+00:00,26612.0,26610.0,2.0
2018-10-01 00:47:43.449000+00:00,26613.0,26610.0,3.0
2018-10-01 00:47:43.799000+00:00,26612.0,26610.0,2.0
2018-10-01 00:47:44.149000+00:00,26613.0,26610.0,3.0
2018-10-01 00:47:45.902000+00:00,26613.0,26611.0,2.0
2018-10-01 00:47:48.355000+00:00,26614.0,26612.0,2.0
2018-10-01 00:47:48.706000+00:00,26614.0,26611.0,3.0
2018-10-01 00:47:51.161000+00:00,26613.0,26611.0,2.0
2018-10-01 00:47:58.521000+00:00,26613.0,26612.0,1.0
2018-10-01 00:47:59.223000+00:00,26613.0,26611.0,2.0
2018-10-01 00:48:00.975000+00:00,26614.0,26611.0,3.0
2018-10-01 00:48:03.076000+00:00,26614.0,26612.0,2.0
2018-10-01 00:48:11.137000+00:00,26610.0,26608.0,2.0
2018-10-01 00:48:11.486000+00:00,26610.0,26607.0,3.0
2018-10-01 00:48:11.839000+00:00,26611.0,26609.0,2.0
2018-10-01 00:48:12.190000+00:00,26611.0,26608.0,3.0
2018-10-01 00:48:12.890000+00:00,26610.0,26608.0,2.0
2018-10-01 00:48:14.992000+00:00,26611.0,26608.0,3.0
2018-10-01 00:48:20.602000+00:00,26611.0,26609.0,2.0
2018-10-01 00:48:21.656000+00:00,26610.0,26608.0,2.0
2018-10-01 00:48:22.706000+00:00,26611.0,26608.0,3.0
2018-10-01 00:48:27.959000+00:00,26611.0,26609.0,2.0
2018-10-01 00:48:37.426000+00:00,26612.0,26609.0,3.0
2018-10-01 00:48:37.776000+00:00,26610.0,26609.0,1.0
2018-10-01 00:48:38.127000+00:00,26609.0,26608.0,1.0
2018-10-01 00:48:39.178000+00:00,26609.0,26607.0,2.0
2018-10-01 00:48:47.237000+00:00,26609.0,26608.0,1.0
2018-10-01 00:48:47.587000+00:00,26609.0,26607.0,2.0
2018-10-01 00:48:47.938000+00:00,26609.0,26608.0,1.0
2018-10-01 00:48:48.288000+00:00,26608.0,26607.0,1.0
2018-10-01 00:48:48.638000+00:00,26610.0,26607.0,3.0
2018-10-01 00:48:48.988000+00:00,26609.0,26607.0,2.0
2018-10-01 00:48:50.392000+00:00,26609.0,26608.0,1.0
2018-10-01 00:48:50.742000+00:00,26610.0,26608.0,2.0
2018-10-01 00:48:58.449000+00:00,26610.0,26609.0,1.0
2018-10-01 00:48:59.151000+00:00,26610.0,26608.0,2.0
2018-10-01 00:49:02.303000+00:00,26610.0,26609.0,1.0
2018-10-01 00:49:07.209000+00:00,26609.0,26608.0,1.0
2018-10-01 00:49:07.909000+00:00,26610.0,26608.0,2.0
2018-10-01 00:49:16.011000+00:00,26610.0,26609.0,1.0
2018-10-01 00:49:18.115000+00:00,26610.0,26608.0,2.0
2018-10-01 00:49:20.920000+00:00,26609.0,26608.0,1.0
2018-10-01 00:49:21.270000+00:00,26609.0,26607.0,2.0
2018-10-01 00:49:22.672000+00:00,26608.0,26607.0,1.0
2018-10-01 00:49:23.022000+00:00,26609.0,26607.0,2.0
2018-10-01 00:49:23.723000+00:00,26608.0,26607.0,1.0
2018-10-01 00:49:24.777000+00:00,26608.0,26606.0,2.0
2018-10-01 00:49:25.128000+00:00,26608.0,26607.0,1.0
2018-10-01 00:49:25.478000+00:00,26609.0,26607.0,2.0
2018-10-01 00:49:25.828000+00:00,26608.0,26606.0,2.0
2018-10-01 00:49:27.582000+00:00,26607.0,26606.0,1.0
2018-10-01 00:49:27.933000+00:00,26608.0,26606.0,2.0
2018-10-01 00:49:34.941000+00:00,26608.0,26607.0,1.0
2018-10-01 00:49:38.095000+00:00,26608.0,26606.0,2.0
2018-10-01 00:49:39.496000+00:00,26608.0,26607.0,1.0
2018-10-01 00:49:39.848000+00:00,26609.0,26607.0,2.0
2018-10-01 00:49:42.651000+00:00,26610.0,26608.0,2.0
2018-10-01 00:49:43.702000+00:00,26610.0,26609.0,1.0
2018-10-01 00:49:45.104000+00:00,26610.0,26608.0,2.0
2018-10-01 00:49:47.556000+00:00,26609.0,26608.0,1.0
2018-10-01 00:49:47.907000+00:00,26610.0,26608.0,2.0
2018-10-01 00:49:52.462000+00:00,26610.0,26609.0,1.0
2018-10-01 00:50:00.522000+00:00,26611.0,26609.0,2.0
2018-10-01 00:50:01.928000+00:00,26610.0,26609.0,1.0
2018-10-01 00:50:04.734000+00:00,26612.0,26609.0,3.0
2018-10-01 00:50:05.086000+00:00,26611.0,26609.0,2.0
2018-10-01 00:50:06.138000+00:00,26610.0,26609.0,1.0
2018-10-01 00:50:08.241000+00:00,26611.0,26609.0,2.0
2018-10-01 00:50:16.301000+00:00,26610.0,26608.0,2.0
2018-10-01 00:50:19.805000+00:00,26611.0,26608.0,3.0
2018-10-01 00:50:22.608000+00:00,26610.0,26608.0,2.0
2018-10-01 00:50:24.710000+00:00,26611.0,26608.0,3.0
2018-10-01 00:50:26.112000+00:00,26610.0,26608.0,2.0
2018-10-01 00:50:33.470000+00:00,26611.0,26608.0,3.0
2018-10-01 00:50:40.829000+00:00,26610.0,26608.0,2.0
2018-10-01 00:50:43.633000+00:00,26609.0,26608.0,1.0
2018-10-01 00:51:00.105000+00:00,26610.0,26608.0,2.0
2018-10-01 00:51:08.166000+00:00,26610.0,26609.0,1.0
2018-10-01 00:51:09.217000+00:00,26610.0,26608.0,2.0
2018-10-01 00:51:15.878000+00:00,26609.0,26608.0,1.0
2018-10-01 00:51:23.586000+00:00,26610.0,26608.0,2.0
2018-10-01 00:51:23.936000+00:00,26609.0,26608.0,1.0
2018-10-01 00:51:33.045000+00:00,26610.0,26608.0,2.0
2018-10-01 00:51:48.460000+00:00,26609.0,26608.0,1.0
2018-10-01 00:52:00.368000+00:00,26611.0,26608.0,3.0
2018-10-01 00:52:00.719000+00:00,26610.0,26608.0,2.0
2018-10-01 00:52:02.822000+00:00,26608.0,26607.0,1.0
2018-10-01 00:52:06.674000+00:00,26609.0,26607.0,2.0
2018-10-01 00:52:17.887000+00:00,26609.0,26608.0,1.0
2018-10-01 00:52:19.288000+00:00,26609.0,26607.0,2.0
2018-10-01 00:52:20.689000+00:00,26608.0,26607.0,1.0
2018-10-01 00:52:50.482000+00:00,26609.0,26607.0,2.0
2018-10-01 00:52:53.285000+00:00,26608.0,26607.0,1.0
2018-10-01 00:52:53.636000+00:00,26609.0,26608.0,1.0
2018-10-01 00:52:56.088000+00:00,26609.0,26607.0,2.0
2018-10-01 00:52:57.492000+00:00,26609.0,26608.0,1.0
2018-10-01 00:52:58.192000+00:00,26609.0,26607.0,2.0
2018-10-01 00:52:58.542000+00:00,26608.0,26607.0,1.0
2018-10-01 00:53:03.450000+00:00,26609.0,26608.0,1.0
2018-10-01 00:53:10.807000+00:00,26610.0,26608.0,2.0
2018-10-01 00:53:11.156000+00:00,26609.0,26608.0,1.0
2018-10-01 00:53:11.507000+00:00,26610.0,26608.0,2.0
2018-10-01 00:53:17.688000+00:00,26611.0,26609.0,2.0
2018-10-01 00:53:22.594000+00:00,26611.0,26608.0,3.0
2018-10-01 00:53:23.295000+00:00,26611.0,26609.0,2.0
2018-10-01 00:53:41.866000+00:00,26611.0,26608.0,3.0
2018-10-01 00:53:48.213000+00:00,26611.0,26609.0,2.0
2018-10-01 00:53:48.563000+00:00,26611.0,26608.0,3.0
2018-10-01 00:53:57.676000+00:00,26611.0,26609.0,2.0
2018-10-01 00:53:58.728000+00:00,26611.0,26608.0,3.0
2018-10-01 00:54:01.884000+00:00,26610.0,26608.0,2.0
2018-10-01 00:54:03.285000+00:00,26609.0,26608.0,1.0
2018-10-01 00:54:18.384000+00:00,26610.0,26608.0,2.0
2018-10-01 00:54:22.942000+00:00,26609.0,26608.0,1.0
2018-10-01 00:54:25.743000+00:00,26610.0,26608.0,2.0
2018-10-01 00:54:30.650000+00:00,26609.0,26608.0,1.0
2018-10-01 00:54:33.456000+00:00,26609.0,26607.0,2.0
2018-10-01 00:54:34.508000+00:00,26610.0,26607.0,3.0
2018-10-01 00:54:40.119000+00:00,26610.0,26608.0,2.0
2018-10-01 00:54:46.083000+00:00,26611.0,26608.0,3.0
2018-10-01 00:54:48.543000+00:00,26611.0,26609.0,2.0
2018-10-01 00:54:49.949000+00:00,26611.0,26608.0,3.0
2018-10-01 00:54:51.004000+00:00,26611.0,26609.0,2.0
2018-10-01 00:54:51.356000+00:00,26611.0,26608.0,3.0
2018-10-01 00:54:52.409000+00:00,26612.0,26609.0,3.0
2018-10-01 00:54:53.111000+00:00,26611.0,26609.0,2.0
2018-10-01 00:54:54.868000+00:00,26612.0,26610.0,2.0
2018-10-01 00:54:55.220000+00:00,26611.0,26609.0,2.0
2018-10-01 00:54:55.571000+00:00,26611.0,26608.0,3.0
2018-10-01 00:54:56.275000+00:00,26610.0,26607.0,3.0
2018-10-01 00:54:56.627000+00:00,26609.0,26606.0,3.0
2018-10-01 00:54:56.979000+00:00,26608.0,26606.0,2.0
2018-10-01 00:54:57.330000+00:00,26608.0,26605.0,3.0
2018-10-01 00:54:58.033000+00:00,26607.0,26605.0,2.0
2018-10-01 00:54:59.791000+00:00,26608.0,26606.0,2.0
2018-10-01 00:55:00.144000+00:00,26608.0,26607.0,1.0
2018-10-01 00:55:00.498000+00:00,26608.0,26606.0,2.0
2018-10-01 00:55:00.850000+00:00,26607.0,26606.0,1.0
2018-10-01 00:55:02.608000+00:00,26607.0,26605.0,2.0
2018-10-01 00:55:04.365000+00:00,26609.0,26606.0,3.0
2018-10-01 00:55:04.715000+00:00,26608.0,26606.0,2.0
2018-10-01 00:55:07.877000+00:00,26609.0,26607.0,2.0
2018-10-01 00:55:08.227000+00:00,26608.0,26606.0,2.0
2018-10-01 00:55:13.852000+00:00,26609.0,26606.0,3.0
2018-10-01 00:55:15.607000+00:00,26610.0,26608.0,2.0
2018-10-01 00:55:15.960000+00:00,26609.0,26608.0,1.0
2018-10-01 00:55:17.366000+00:00,26610.0,26608.0,2.0
2018-10-01 00:55:21.228000+00:00,26610.0,26609.0,1.0
2018-10-01 00:55:21.580000+00:00,26610.0,26608.0,2.0
2018-10-01 00:55:24.387000+00:00,26610.0,26609.0,1.0
2018-10-01 00:55:48.950000+00:00,26611.0,26609.0,2.0
2018-10-01 00:55:49.302000+00:00,26610.0,26609.0,1.0
2018-10-01 00:55:50.353000+00:00,26611.0,26609.0,2.0
2018-10-01 00:55:52.808000+00:00,26610.0,26609.0,1.0
2018-10-01 00:55:55.614000+00:00,26611.0,26609.0,2.0
2018-10-01 00:55:56.319000+00:00,26611.0,26610.0,1.0
2018-10-01 00:56:05.086000+00:00,26612.0,26610.0,2.0
2018-10-01 00:56:06.137000+00:00,26612.0,26611.0,1.0
2018-10-01 00:56:07.189000+00:00,26612.0,26610.0,2.0
2018-10-01 00:56:09.993000+00:00,26612.0,26611.0,1.0
2018-10-01 00:56:10.344000+00:00,26612.0,26610.0,2.0
2018-10-01 00:56:12.447000+00:00,26612.0,26611.0,1.0
2018-10-01 00:56:21.566000+00:00,26611.0,26610.0,1.0
2018-10-01 00:56:22.268000+00:00,26611.0,26609.0,2.0
2018-10-01 00:56:39.796000+00:00,26610.0,26609.0,1.0
2018-10-01 00:56:40.499000+00:00,26611.0,26609.0,2.0
2018-10-01 00:56:44.704000+00:00,26610.0,26609.0,1.0
2018-10-01 00:56:50.311000+00:00,26610.0,26608.0,2.0
2018-10-01 00:56:51.364000+00:00,26609.0,26608.0,1.0
2018-10-01 00:56:55.573000+00:00,26610.0,26608.0,2.0
2018-10-01 00:56:57.676000+00:00,26610.0,26609.0,1.0
2018-10-01 00:57:35.534000+00:00,26610.0,26608.0,2.0
2018-10-01 00:57:41.139000+00:00,26610.0,26609.0,1.0
2018-10-01 00:58:36.520000+00:00,26611.0,26609.0,2.0
2018-10-01 00:58:37.222000+00:00,26611.0,26610.0,1.0
2018-10-01 00:58:37.922000+00:00,26611.0,26609.0,2.0
2018-10-01 00:58:44.581000+00:00,26611.0,26610.0,1.0
2018-10-01 00:59:07.366000+00:00,26613.0,26610.0,3.0
2018-10-01 00:59:07.719000+00:00,26612.0,26610.0,2.0
2018-10-01 00:59:08.070000+00:00,26612.0,26611.0,1.0
2018-10-01 00:59:13.328000+00:00,26612.0,26610.0,2.0
2018-10-01 00:59:17.887000+00:00,26614.0,26611.0,3.0
2018-10-01 00:59:18.237000+00:00,26613.0,26611.0,2.0
2018-10-01 00:59:18.587000+00:00,26613.0,26612.0,1.0
2018-10-01 00:59:18.938000+00:00,26612.0,26611.0,1.0
2018-10-01 00:59:19.989000+00:00,26613.0,26611.0,2.0
2018-10-01 00:59:34.712000+00:00,26612.0,26611.0,1.0
2018-10-01 00:59:42.777000+00:00,26613.0,26611.0,2.0
2018-10-01 00:59:46.283000+00:00,26613.0,26612.0,1.0
2018-10-01 00:59:46.984000+00:00,26613.0,26611.0,2.0
2018-10-01 00:59:50.142000+00:00,26612.0,26611.0,1.0
2018-10-01 01:00:08.373000+00:00,26613.0,26611.0,2.0
2018-10-01 01:00:11.531000+00:00,26612.0,26611.0,1.0
2018-10-01 01:00:13.635000+00:00,26613.0,26611.0,2.0
2018-10-01 01:00:18.891000+00:00,26613.0,26612.0,1.0
2018-10-01 01:00:39.576000+00:00,26614.0,26613.0,1.0
2018-10-01 01:00:40.627000+00:00,26613.0,26612.0,1.0
2018-10-01 01:01:10.435000+00:00,26614.0,26612.0,2.0
2018-10-01 01:01:10.786000+00:00,26614.0,26611.0,3.0
2018-10-01 01:01:16.392000+00:00,26614.0,26612.0,2.0
2018-10-01 01:01:46.191000+00:00,26615.0,26612.0,3.0
2018-10-01 01:01:49.698000+00:00,26614.0,26612.0,2.0
2018-10-01 01:01:50.048000+00:00,26615.0,26612.0,3.0
2018-10-01 01:01:51.101000+00:00,26614.0,26612.0,2.0
2018-10-01 01:02:03.723000+00:00,26613.0,26611.0,2.0
2018-10-01 01:02:17.048000+00:00,26612.0,26610.0,2.0
2018-10-01 01:02:26.170000+00:00,26614.0,26612.0,2.0
2018-10-01 01:02:26.520000+00:00,26616.0,26613.0,3.0
2018-10-01 01:02:26.871000+00:00,26615.0,26613.0,2.0
2018-10-01 01:02:27.222000+00:00,26614.0,26613.0,1.0
2018-10-01 01:02:29.676000+00:00,26615.0,26613.0,2.0
2018-10-01 01:02:33.532000+00:00,26614.0,26613.0,1.0
2018-10-01 01:02:35.635000+00:00,26615.0,26613.0,2.0
2018-10-01 01:02:40.195000+00:00,26615.0,26614.0,1.0
2018-10-01 01:02:41.245000+00:00,26615.0,26613.0,2.0
2018-10-01 01:02:41.596000+00:00,26615.0,26614.0,1.0
2018-10-01 01:02:41.948000+00:00,26615.0,26613.0,2.0
2018-10-01 01:02:43.704000+00:00,26615.0,26614.0,1.0
2018-10-01 01:02:44.055000+00:00,26614.0,26613.0,1.0
2018-10-01 01:02:44.407000+00:00,26616.0,26613.0,3.0
2018-10-01 01:02:44.757000+00:00,26615.0,26613.0,2.0
2018-10-01 01:02:46.162000+00:00,26614.0,26613.0,1.0
2018-10-01 01:02:46.864000+00:00,26615.0,26613.0,2.0
2018-10-01 01:02:47.215000+00:00,26614.0,26613.0,1.0
2018-10-01 01:02:48.968000+00:00,26615.0,26613.0,2.0
2018-10-01 01:02:50.369000+00:00,26614.0,26613.0,1.0
2018-10-01 01:02:50.720000+00:00,26615.0,26613.0,2.0
2018-10-01 01:02:52.472000+00:00,26614.0,26612.0,2.0
2018-10-01 01:03:06.496000+00:00,26613.0,26612.0,1.0
2018-10-01 01:03:15.960000+00:00,26615.0,26612.0,3.0
2018-10-01 01:03:16.310000+00:00,26614.0,26612.0,2.0
2018-10-01 01:03:40.844000+00:00,26613.0,26612.0,1.0
2018-10-01 01:03:42.598000+00:00,26614.0,26612.0,2.0
2018-10-01 01:03:53.118000+00:00,26613.0,26612.0,1.0
2018-10-01 01:03:54.873000+00:00,26613.0,26611.0,2.0
2018-10-01 01:03:55.223000+00:00,26612.0,26611.0,1.0
2018-10-01 01:03:59.081000+00:00,26613.0,26611.0,2.0
2018-10-01 01:04:00.486000+00:00,26612.0,26611.0,1.0
2018-10-01 01:04:03.642000+00:00,26611.0,26609.0,2.0
2018-10-01 01:04:05.749000+00:00,26610.0,26609.0,1.0
2018-10-01 01:04:06.101000+00:00,26611.0,26609.0,2.0
2018-10-01 01:04:08.207000+00:00,26611.0,26610.0,1.0
2018-10-01 01:04:13.466000+00:00,26611.0,26609.0,2.0
2018-10-01 01:04:16.622000+00:00,26611.0,26610.0,1.0
2018-10-01 01:04:18.725000+00:00,26611.0,26609.0,2.0
2018-10-01 01:04:20.478000+00:00,26611.0,26610.0,1.0
2018-10-01 01:04:30.293000+00:00,26612.0,26610.0,2.0
2018-10-01 01:04:31.347000+00:00,26613.0,26611.0,2.0
2018-10-01 01:04:31.697000+00:00,26612.0,26611.0,1.0
2018-10-01 01:04:53.424000+00:00,26612.0,26610.0,2.0
2018-10-01 01:04:53.775000+00:00,26611.0,26610.0,1.0
2018-10-01 01:04:57.278000+00:00,26612.0,26611.0,1.0
2018-10-01 01:05:06.743000+00:00,26615.0,26612.0,3.0
2018-10-01 01:05:08.145000+00:00,26614.0,26611.0,3.0
2018-10-01 01:05:08.497000+00:00,26613.0,26611.0,2.0
2018-10-01 01:05:12.352000+00:00,26613.0,26612.0,1.0
2018-10-01 01:05:13.052000+00:00,26612.0,26611.0,1.0
2018-10-01 01:05:13.753000+00:00,26613.0,26611.0,2.0
2018-10-01 01:05:17.256000+00:00,26612.0,26611.0,1.0
2018-10-01 01:05:20.411000+00:00,26613.0,26611.0,2.0
2018-10-01 01:05:24.970000+00:00,26613.0,26612.0,1.0
2018-10-01 01:05:30.930000+00:00,26614.0,26612.0,2.0
2018-10-01 01:05:31.281000+00:00,26614.0,26613.0,1.0
2018-10-01 01:05:32.335000+00:00,26615.0,26613.0,2.0
2018-10-01 01:05:41.104000+00:00,26614.0,26613.0,1.0
2018-10-01 01:05:41.805000+00:00,26615.0,26613.0,2.0
2018-10-01 01:05:45.667000+00:00,26615.0,26614.0,1.0
2018-10-01 01:06:04.599000+00:00,26615.0,26613.0,2.0
2018-10-01 01:06:13.358000+00:00,26615.0,26614.0,1.0
2018-10-01 01:06:15.462000+00:00,26615.0,26613.0,2.0
2018-10-01 01:06:19.671000+00:00,26615.0,26614.0,1.0
2018-10-01 01:06:20.021000+00:00,26615.0,26613.0,2.0
2018-10-01 01:06:23.178000+00:00,26614.0,26613.0,1.0
2018-10-01 01:06:34.047000+00:00,26614.0,26612.0,2.0
2018-10-01 01:06:38.252000+00:00,26613.0,26612.0,1.0
2018-10-01 01:07:17.870000+00:00,26612.0,26611.0,1.0
2018-10-01 01:07:22.784000+00:00,26613.0,26611.0,2.0
2018-10-01 01:07:23.134000+00:00,26614.0,26611.0,3.0
2018-10-01 01:07:23.485000+00:00,26615.0,26612.0,3.0
2018-10-01 01:07:25.239000+00:00,26614.0,26612.0,2.0
2018-10-01 01:07:28.044000+00:00,26614.0,26611.0,3.0
2018-10-01 01:07:41.021000+00:00,26615.0,26612.0,3.0
2018-10-01 01:07:43.475000+00:00,26614.0,26612.0,2.0
2018-10-01 01:07:44.528000+00:00,26615.0,26612.0,3.0
2018-10-01 01:07:44.878000+00:00,26615.0,26613.0,2.0
2018-10-01 01:07:49.086000+00:00,26614.0,26612.0,2.0
2018-10-01 01:07:50.139000+00:00,26615.0,26612.0,3.0
2018-10-01 01:07:51.891000+00:00,26615.0,26613.0,2.0
2018-10-01 01:07:58.904000+00:00,26615.0,26612.0,3.0
2018-10-01 01:08:00.307000+00:00,26615.0,26613.0,2.0
2018-10-01 01:08:00.657000+00:00,26615.0,26612.0,3.0
2018-10-01 01:08:02.059000+00:00,26615.0,26613.0,2.0
2018-10-01 01:08:14.330000+00:00,26614.0,26613.0,1.0
2018-10-01 01:08:33.254000+00:00,26614.0,26612.0,2.0
2018-10-01 01:08:34.655000+00:00,26614.0,26613.0,1.0
2018-10-01 01:08:38.857000+00:00,26615.0,26613.0,2.0
2018-10-01 01:08:41.311000+00:00,26614.0,26612.0,2.0
2018-10-01 01:08:44.815000+00:00,26614.0,26613.0,1.0
2018-10-01 01:08:45.517000+00:00,26614.0,26612.0,2.0
2018-10-01 01:08:49.723000+00:00,26614.0,26611.0,3.0
2018-10-01 01:09:03.390000+00:00,26613.0,26611.0,2.0
2018-10-01 01:09:06.551000+00:00,26614.0,26611.0,3.0
2018-10-01 01:09:10.056000+00:00,26613.0,26611.0,2.0
2018-10-01 01:09:13.561000+00:00,26614.0,26611.0,3.0
2018-10-01 01:09:19.519000+00:00,26614.0,26612.0,2.0
2018-10-01 01:09:20.921000+00:00,26614.0,26611.0,3.0
2018-10-01 01:09:25.128000+00:00,26613.0,26611.0,2.0
2018-10-01 01:09:32.490000+00:00,26613.0,26612.0,1.0
2018-10-01 01:09:33.893000+00:00,26614.0,26612.0,2.0
2018-10-01 01:09:37.403000+00:00,26614.0,26613.0,1.0
2018-10-01 01:09:51.082000+00:00,26615.0,26613.0,2.0
2018-10-01 01:09:55.993000+00:00,26614.0,26613.0,1.0
2018-10-01 01:10:04.410000+00:00,26615.0,26613.0,2.0
2018-10-01 01:10:18.791000+00:00,26614.0,26613.0,1.0
2018-10-01 01:10:25.453000+00:00,26614.0,26612.0,2.0
2018-10-01 01:10:25.804000+00:00,26614.0,26613.0,1.0
2018-10-01 01:10:26.504000+00:00,26614.0,26612.0,2.0
2018-10-01 01:10:31.420000+00:00,26614.0,26613.0,1.0
2018-10-01 01:10:32.821000+00:00,26615.0,26613.0,2.0
2018-10-01 01:10:44.742000+00:00,26615.0,26614.0,1.0
2018-10-01 01:10:53.157000+00:00,26614.0,26613.0,1.0
2018-10-01 01:11:00.176000+00:00,26614.0,26612.0,2.0
2018-10-01 01:11:07.892000+00:00,26614.0,26613.0,1.0
2018-10-01 01:11:18.059000+00:00,26615.0,26614.0,1.0
2018-10-01 01:11:19.464000+00:00,26614.0,26612.0,2.0
2018-10-01 01:11:21.916000+00:00,26614.0,26613.0,1.0
2018-10-01 01:11:56.273000+00:00,26614.0,26612.0,2.0
2018-10-01 01:12:00.485000+00:00,26614.0,26613.0,1.0
2018-10-01 01:12:11.002000+00:00,26615.0,26613.0,2.0
2018-10-01 01:12:12.054000+00:00,26614.0,26613.0,1.0
2018-10-01 01:12:23.267000+00:00,26613.0,26612.0,1.0
2018-10-01 01:12:27.471000+00:00,26614.0,26612.0,2.0
2018-10-01 01:12:32.029000+00:00,26614.0,26611.0,3.0
2018-10-01 01:12:32.379000+00:00,26613.0,26611.0,2.0
2018-10-01 01:12:36.237000+00:00,26613.0,26612.0,1.0
2018-10-01 01:12:37.638000+00:00,26613.0,26611.0,2.0
2018-10-01 01:12:38.690000+00:00,26612.0,26611.0,1.0
2018-10-01 01:12:56.211000+00:00,26613.0,26611.0,2.0
2018-10-01 01:12:59.014000+00:00,26612.0,26611.0,1.0
2018-10-01 01:13:02.171000+00:00,26613.0,26611.0,2.0
2018-10-01 01:13:05.330000+00:00,26613.0,26612.0,1.0
2018-10-01 01:13:07.786000+00:00,26613.0,26611.0,2.0
2018-10-01 01:13:12.345000+00:00,26613.0,26612.0,1.0
2018-10-01 01:13:25.662000+00:00,26613.0,26611.0,2.0
2018-10-01 01:13:29.522000+00:00,26613.0,26612.0,1.0
2018-10-01 01:13:33.026000+00:00,26614.0,26612.0,2.0
2018-10-01 01:13:34.431000+00:00,26613.0,26611.0,2.0
2018-10-01 01:13:35.836000+00:00,26614.0,26612.0,2.0
2018-10-01 01:13:38.642000+00:00,26613.0,26612.0,1.0
2018-10-01 01:13:39.700000+00:00,26613.0,26611.0,2.0
2018-10-01 01:13:43.205000+00:00,26612.0,26611.0,1.0
2018-10-01 01:13:46.011000+00:00,26612.0,26610.0,2.0
2018-10-01 01:13:51.271000+00:00,26611.0,26610.0,1.0
2018-10-01 01:13:56.182000+00:00,26612.0,26611.0,1.0
2018-10-01 01:13:56.885000+00:00,26612.0,26610.0,2.0
2018-10-01 01:13:58.992000+00:00,26612.0,26611.0,1.0
2018-10-01 01:14:10.209000+00:00,26611.0,26610.0,1.0
2018-10-01 01:14:11.610000+00:00,26612.0,26610.0,2.0
2018-10-01 01:14:13.015000+00:00,26613.0,26611.0,2.0
2018-10-01 01:14:13.718000+00:00,26613.0,26612.0,1.0
2018-10-01 01:14:14.769000+00:00,26614.0,26612.0,2.0
2018-10-01 01:14:18.977000+00:00,26613.0,26612.0,1.0
2018-10-01 01:14:22.831000+00:00,26613.0,26611.0,2.0
2018-10-01 01:14:24.585000+00:00,26612.0,26611.0,1.0
2018-10-01 01:14:24.936000+00:00,26613.0,26611.0,2.0
2018-10-01 01:14:25.638000+00:00,26613.0,26612.0,1.0
2018-10-01 01:14:29.492000+00:00,26612.0,26611.0,1.0
2018-10-01 01:14:39.660000+00:00,26614.0,26611.0,3.0
2018-10-01 01:14:40.011000+00:00,26612.0,26611.0,1.0
2018-10-01 01:14:43.517000+00:00,26611.0,26610.0,1.0
2018-10-01 01:14:50.532000+00:00,26612.0,26610.0,2.0
2018-10-01 01:14:53.334000+00:00,26613.0,26611.0,2.0
2018-10-01 01:14:53.685000+00:00,26613.0,26610.0,3.0
2018-10-01 01:14:55.788000+00:00,26613.0,26611.0,2.0
2018-10-01 01:15:02.805000+00:00,26614.0,26611.0,3.0
2018-10-01 01:15:04.208000+00:00,26613.0,26611.0,2.0
2018-10-01 01:15:04.557000+00:00,26614.0,26611.0,3.0
2018-10-01 01:15:06.661000+00:00,26614.0,26612.0,2.0
2018-10-01 01:15:13.331000+00:00,26614.0,26611.0,3.0
2018-10-01 01:15:17.185000+00:00,26614.0,26612.0,2.0
2018-10-01 01:15:18.237000+00:00,26613.0,26612.0,1.0
2018-10-01 01:15:23.148000+00:00,26614.0,26612.0,2.0
2018-10-01 01:15:24.202000+00:00,26614.0,26613.0,1.0
2018-10-01 01:15:24.554000+00:00,26614.0,26612.0,2.0
2018-10-01 01:15:24.904000+00:00,26614.0,26613.0,1.0
2018-10-01 01:15:27.010000+00:00,26615.0,26614.0,1.0
2018-10-01 01:15:27.360000+00:00,26615.0,26613.0,2.0
2018-10-01 01:15:28.412000+00:00,26615.0,26614.0,1.0
2018-10-01 01:15:33.670000+00:00,26616.0,26615.0,1.0
2018-10-01 01:15:34.721000+00:00,26616.0,26614.0,2.0
2018-10-01 01:15:36.124000+00:00,26616.0,26615.0,1.0
2018-10-01 01:15:46.638000+00:00,26617.0,26615.0,2.0
2018-10-01 01:15:49.445000+00:00,26617.0,26616.0,1.0
2018-10-01 01:15:57.511000+00:00,26619.0,26616.0,3.0
2018-10-01 01:15:57.861000+00:00,26617.0,26616.0,1.0
2018-10-01 01:16:01.019000+00:00,26618.0,26616.0,2.0
2018-10-01 01:16:01.720000+00:00,26618.0,26617.0,1.0
2018-10-01 01:16:02.073000+00:00,26617.0,26616.0,1.0
2018-10-01 01:16:04.177000+00:00,26617.0,26615.0,2.0
2018-10-01 01:16:04.879000+00:00,26616.0,26615.0,1.0
2018-10-01 01:16:13.991000+00:00,26617.0,26615.0,2.0
2018-10-01 01:16:15.744000+00:00,26616.0,26615.0,1.0
2018-10-01 01:16:29.769000+00:00,26616.0,26614.0,2.0
2018-10-01 01:16:32.579000+00:00,26615.0,26614.0,1.0
2018-10-01 01:16:43.099000+00:00,26616.0,26614.0,2.0
2018-10-01 01:16:44.150000+00:00,26617.0,26615.0,2.0
2018-10-01 01:16:44.501000+00:00,26616.0,26615.0,1.0
2018-10-01 01:16:48.006000+00:00,26617.0,26615.0,2.0
2018-10-01 01:16:49.408000+00:00,26616.0,26614.0,2.0
2018-10-01 01:16:49.758000+00:00,26616.0,26615.0,1.0
2018-10-01 01:16:50.809000+00:00,26616.0,26614.0,2.0
2018-10-01 01:16:52.214000+00:00,26616.0,26615.0,1.0
2018-10-01 01:16:53.265000+00:00,26618.0,26615.0,3.0
2018-10-01 01:16:53.617000+00:00,26617.0,26615.0,2.0
2018-10-01 01:16:54.672000+00:00,26616.0,26615.0,1.0
2018-10-01 01:16:56.424000+00:00,26616.0,26614.0,2.0
2018-10-01 01:16:58.528000+00:00,26616.0,26615.0,1.0
2018-10-01 01:17:06.241000+00:00,26618.0,26615.0,3.0
2018-10-01 01:17:06.591000+00:00,26617.0,26615.0,2.0
2018-10-01 01:17:24.834000+00:00,26616.0,26615.0,1.0
2018-10-01 01:17:28.690000+00:00,26617.0,26615.0,2.0
2018-10-01 01:17:30.446000+00:00,26616.0,26615.0,1.0
2018-10-01 01:17:32.548000+00:00,26617.0,26615.0,2.0
2018-10-01 01:17:33.249000+00:00,26616.0,26615.0,1.0
2018-10-01 01:17:34.653000+00:00,26617.0,26615.0,2.0
2018-10-01 01:17:39.210000+00:00,26616.0,26615.0,1.0
2018-10-01 01:17:43.775000+00:00,26616.0,26614.0,2.0
2018-10-01 01:17:44.478000+00:00,26615.0,26613.0,2.0
2018-10-01 01:17:44.829000+00:00,26614.0,26612.0,2.0
2018-10-01 01:17:45.181000+00:00,26614.0,26613.0,1.0
2018-10-01 01:17:46.234000+00:00,26614.0,26612.0,2.0
2018-10-01 01:17:46.585000+00:00,26614.0,26613.0,1.0
2018-10-01 01:17:50.444000+00:00,26614.0,26612.0,2.0
2018-10-01 01:17:52.198000+00:00,26614.0,26613.0,1.0
2018-10-01 01:17:52.549000+00:00,26614.0,26612.0,2.0
2018-10-01 01:17:53.601000+00:00,26614.0,26613.0,1.0
2018-10-01 01:17:56.056000+00:00,26614.0,26612.0,2.0
2018-10-01 01:17:57.107000+00:00,26614.0,26613.0,1.0
2018-10-01 01:17:58.866000+00:00,26615.0,26613.0,2.0
2018-10-01 01:18:05.880000+00:00,26614.0,26613.0,1.0
2018-10-01 01:18:06.230000+00:00,26615.0,26613.0,2.0
2018-10-01 01:18:10.087000+00:00,26614.0,26613.0,1.0
2018-10-01 01:18:11.491000+00:00,26615.0,26613.0,2.0
2018-10-01 01:18:12.540000+00:00,26614.0,26613.0,1.0
2018-10-01 01:18:14.996000+00:00,26615.0,26613.0,2.0
2018-10-01 01:18:15.346000+00:00,26614.0,26613.0,1.0
2018-10-01 01:18:17.806000+00:00,26616.0,26615.0,1.0
2018-10-01 01:18:18.156000+00:00,26616.0,26614.0,2.0
2018-10-01 01:18:18.506000+00:00,26615.0,26614.0,1.0
2018-10-01 01:18:20.260000+00:00,26616.0,26614.0,2.0
2018-10-01 01:18:22.713000+00:00,26616.0,26615.0,1.0
2018-10-01 01:18:23.766000+00:00,26616.0,26614.0,2.0
2018-10-01 01:18:24.116000+00:00,26615.0,26614.0,1.0
2018-10-01 01:18:31.124000+00:00,26615.0,26613.0,2.0
2018-10-01 01:18:45.153000+00:00,26614.0,26613.0,1.0
2018-10-01 01:18:48.315000+00:00,26615.0,26613.0,2.0
2018-10-01 01:18:49.717000+00:00,26615.0,26614.0,1.0
2018-10-01 01:19:00.240000+00:00,26616.0,26614.0,2.0
2018-10-01 01:19:09.364000+00:00,26616.0,26615.0,1.0
2018-10-01 01:19:11.121000+00:00,26616.0,26614.0,2.0
2018-10-01 01:19:14.274000+00:00,26615.0,26613.0,2.0
2018-10-01 01:19:30.753000+00:00,26615.0,26614.0,1.0
2018-10-01 01:19:39.872000+00:00,26616.0,26614.0,2.0
2018-10-01 01:19:42.680000+00:00,26615.0,26614.0,1.0
2018-10-01 01:19:51.442000+00:00,26615.0,26613.0,2.0
2018-10-01 01:19:53.545000+00:00,26615.0,26614.0,1.0
2018-10-01 01:19:55.301000+00:00,26615.0,26613.0,2.0
2018-10-01 01:20:05.476000+00:00,26616.0,26614.0,2.0
2018-10-01 01:20:31.430000+00:00,26616.0,26615.0,1.0
2018-10-01 01:20:31.780000+00:00,26616.0,26614.0,2.0
2018-10-01 01:20:32.832000+00:00,26615.0,26614.0,1.0
2018-10-01 01:20:40.892000+00:00,26616.0,26614.0,2.0
2018-10-01 01:20:58.424000+00:00,26615.0,26614.0,1.0
2018-10-01 01:21:07.191000+00:00,26614.0,26613.0,1.0
2018-10-01 01:21:13.151000+00:00,26615.0,26613.0,2.0
2018-10-01 01:21:16.655000+00:00,26615.0,26614.0,1.0
2018-10-01 01:21:17.707000+00:00,26616.0,26614.0,2.0
2018-10-01 01:21:22.966000+00:00,26614.0,26612.0,2.0
2018-10-01 01:21:23.316000+00:00,26614.0,26613.0,1.0
2018-10-01 01:21:24.368000+00:00,26614.0,26612.0,2.0
2018-10-01 01:21:27.524000+00:00,26614.0,26613.0,1.0
2018-10-01 01:21:29.626000+00:00,26614.0,26612.0,2.0
2018-10-01 01:21:31.029000+00:00,26614.0,26613.0,1.0
2018-10-01 01:21:31.380000+00:00,26614.0,26612.0,2.0
2018-10-01 01:21:34.184000+00:00,26613.0,26611.0,2.0
2018-10-01 01:21:34.535000+00:00,26612.0,26611.0,1.0
2018-10-01 01:21:35.936000+00:00,26612.0,26610.0,2.0
2018-10-01 01:21:36.287000+00:00,26612.0,26611.0,1.0
2018-10-01 01:21:37.337000+00:00,26613.0,26611.0,2.0
2018-10-01 01:21:38.739000+00:00,26612.0,26611.0,1.0
2018-10-01 01:21:40.846000+00:00,26612.0,26610.0,2.0
2018-10-01 01:21:45.405000+00:00,26612.0,26611.0,1.0
2018-10-01 01:21:48.561000+00:00,26612.0,26610.0,2.0
2018-10-01 01:21:49.613000+00:00,26612.0,26611.0,1.0
2018-10-01 01:21:53.819000+00:00,26612.0,26610.0,2.0
2018-10-01 01:22:06.082000+00:00,26611.0,26610.0,1.0
2018-10-01 01:22:14.498000+00:00,26613.0,26611.0,2.0
2018-10-01 01:22:14.849000+00:00,26612.0,26611.0,1.0
2018-10-01 01:22:15.549000+00:00,26612.0,26610.0,2.0
2018-10-01 01:22:17.651000+00:00,26611.0,26610.0,1.0
2018-10-01 01:22:21.509000+00:00,26612.0,26610.0,2.0
2018-10-01 01:22:22.560000+00:00,26611.0,26610.0,1.0
2018-10-01 01:22:30.622000+00:00,26612.0,26610.0,2.0
2018-10-01 01:22:40.433000+00:00,26612.0,26611.0,1.0
2018-10-01 01:22:44.640000+00:00,26611.0,26609.0,2.0
2018-10-01 01:22:44.992000+00:00,26611.0,26608.0,3.0
2018-10-01 01:22:46.042000+00:00,26610.0,26608.0,2.0
2018-10-01 01:22:47.796000+00:00,26610.0,26607.0,3.0
2018-10-01 01:22:48.147000+00:00,26610.0,26608.0,2.0
2018-10-01 01:22:48.847000+00:00,26610.0,26607.0,3.0
2018-10-01 01:22:50.250000+00:00,26609.0,26607.0,2.0
2018-10-01 01:22:55.158000+00:00,26609.0,26606.0,3.0
2018-10-01 01:22:56.210000+00:00,26608.0,26606.0,2.0
2018-10-01 01:22:57.962000+00:00,26609.0,26607.0,2.0
2018-10-01 01:22:59.013000+00:00,26609.0,26606.0,3.0
2018-10-01 01:23:00.068000+00:00,26608.0,26606.0,2.0
2018-10-01 01:23:00.770000+00:00,26608.0,26605.0,3.0
2018-10-01 01:23:01.823000+00:00,26607.0,26605.0,2.0
2018-10-01 01:23:02.524000+00:00,26606.0,26604.0,2.0
2018-10-01 01:23:04.277000+00:00,26606.0,26603.0,3.0
2018-10-01 01:23:04.977000+00:00,26605.0,26603.0,2.0
2018-10-01 01:23:05.330000+00:00,26606.0,26603.0,3.0
2018-10-01 01:23:06.381000+00:00,26606.0,26604.0,2.0
2018-10-01 01:23:07.783000+00:00,26606.0,26603.0,3.0
2018-10-01 01:23:11.287000+00:00,26606.0,26604.0,2.0
2018-10-01 01:23:11.637000+00:00,26607.0,26604.0,3.0
2018-10-01 01:23:15.144000+00:00,26607.0,26605.0,2.0
2018-10-01 01:23:16.195000+00:00,26608.0,26605.0,3.0
2018-10-01 01:23:17.596000+00:00,26608.0,26606.0,2.0
2018-10-01 01:23:20.399000+00:00,26608.0,26605.0,3.0
2018-10-01 01:23:26.052000+00:00,26607.0,26605.0,2.0
2018-10-01 01:23:27.804000+00:00,26607.0,26604.0,3.0
2018-10-01 01:23:28.857000+00:00,26606.0,26604.0,2.0
2018-10-01 01:23:31.312000+00:00,26607.0,26604.0,3.0
2018-10-01 01:23:32.013000+00:00,26606.0,26604.0,2.0
2018-10-01 01:23:34.115000+00:00,26607.0,26604.0,3.0
2018-10-01 01:23:37.623000+00:00,26607.0,26605.0,2.0
2018-10-01 01:23:39.377000+00:00,26606.0,26604.0,2.0
2018-10-01 01:23:40.429000+00:00,26607.0,26605.0,2.0
2018-10-01 01:23:41.480000+00:00,26607.0,26604.0,3.0
2018-10-01 01:23:45.686000+00:00,26606.0,26604.0,2.0
2018-10-01 01:24:00.759000+00:00,26607.0,26604.0,3.0
2018-10-01 01:24:07.420000+00:00,26606.0,26604.0,2.0
2018-10-01 01:24:17.234000+00:00,26606.0,26603.0,3.0
2018-10-01 01:24:18.986000+00:00,26606.0,26604.0,2.0
2018-10-01 01:24:19.687000+00:00,26607.0,26605.0,2.0
2018-10-01 01:24:20.388000+00:00,26606.0,26604.0,2.0
2018-10-01 01:24:20.739000+00:00,26607.0,26604.0,3.0
2018-10-01 01:24:21.089000+00:00,26606.0,26604.0,2.0
2018-10-01 01:24:25.292000+00:00,26606.0,26605.0,1.0
2018-10-01 01:24:25.643000+00:00,26606.0,26604.0,2.0
2018-10-01 01:24:34.752000+00:00,26605.0,26604.0,1.0
2018-10-01 01:24:52.980000+00:00,26605.0,26603.0,2.0
2018-10-01 01:24:55.085000+00:00,26605.0,26604.0,1.0
2018-10-01 01:24:59.641000+00:00,26606.0,26605.0,1.0
2018-10-01 01:25:08.063000+00:00,26606.0,26604.0,2.0
2018-10-01 01:25:09.815000+00:00,26605.0,26604.0,1.0
2018-10-01 01:25:12.620000+00:00,26606.0,26604.0,2.0
2018-10-01 01:25:14.372000+00:00,26606.0,26605.0,1.0
2018-10-01 01:25:18.230000+00:00,26606.0,26604.0,2.0
2018-10-01 01:25:22.786000+00:00,26605.0,26604.0,1.0
2018-10-01 01:25:30.148000+00:00,26607.0,26604.0,3.0
2018-10-01 01:25:30.501000+00:00,26606.0,26604.0,2.0
2018-10-01 01:25:32.253000+00:00,26605.0,26604.0,1.0
2018-10-01 01:25:32.954000+00:00,26606.0,26605.0,1.0
2018-10-01 01:25:34.005000+00:00,26606.0,26604.0,2.0
2018-10-01 01:25:34.706000+00:00,26605.0,26603.0,2.0
2018-10-01 01:25:35.057000+00:00,26606.0,26603.0,3.0
2018-10-01 01:25:36.459000+00:00,26606.0,26604.0,2.0
2018-10-01 01:25:38.210000+00:00,26606.0,26603.0,3.0
2018-10-01 01:25:45.223000+00:00,26606.0,26604.0,2.0
2018-10-01 01:26:00.643000+00:00,26608.0,26606.0,2.0
2018-10-01 01:26:00.994000+00:00,26608.0,26607.0,1.0
2018-10-01 01:26:01.345000+00:00,26608.0,26606.0,2.0
2018-10-01 01:26:01.697000+00:00,26607.0,26605.0,2.0
2018-10-01 01:26:21.676000+00:00,26607.0,26604.0,3.0
2018-10-01 01:26:24.833000+00:00,26605.0,26603.0,2.0
2018-10-01 01:26:26.936000+00:00,26605.0,26602.0,3.0
2018-10-01 01:26:28.337000+00:00,26604.0,26602.0,2.0
2018-10-01 01:26:30.790000+00:00,26605.0,26602.0,3.0
2018-10-01 01:26:41.658000+00:00,26604.0,26602.0,2.0
2018-10-01 01:26:51.475000+00:00,26605.0,26603.0,2.0
2018-10-01 01:26:58.133000+00:00,26606.0,26604.0,2.0
2018-10-01 01:26:59.183000+00:00,26606.0,26603.0,3.0
2018-10-01 01:27:01.638000+00:00,26606.0,26604.0,2.0
2018-10-01 01:27:01.988000+00:00,26606.0,26603.0,3.0
2018-10-01 01:27:12.512000+00:00,26606.0,26604.0,2.0
2018-10-01 01:27:16.372000+00:00,26605.0,26602.0,3.0
2018-10-01 01:27:17.774000+00:00,26604.0,26602.0,2.0
2018-10-01 01:27:18.825000+00:00,26605.0,26602.0,3.0
2018-10-01 01:27:19.176000+00:00,26604.0,26602.0,2.0
2018-10-01 01:27:20.577000+00:00,26603.0,26601.0,2.0
2018-10-01 01:27:20.930000+00:00,26604.0,26602.0,2.0
2018-10-01 01:27:29.695000+00:00,26604.0,26601.0,3.0
2018-10-01 01:27:32.849000+00:00,26603.0,26601.0,2.0
2018-10-01 01:27:38.457000+00:00,26604.0,26601.0,3.0
2018-10-01 01:27:41.610000+00:00,26603.0,26601.0,2.0
2018-10-01 01:27:42.663000+00:00,26604.0,26601.0,3.0
2018-10-01 01:27:44.414000+00:00,26604.0,26602.0,2.0
2018-10-01 01:27:58.088000+00:00,26605.0,26602.0,3.0
2018-10-01 01:28:00.543000+00:00,26604.0,26602.0,2.0
2018-10-01 01:28:03.698000+00:00,26604.0,26601.0,3.0
2018-10-01 01:28:05.104000+00:00,26604.0,26602.0,2.0
2018-10-01 01:28:05.806000+00:00,26604.0,26601.0,3.0
2018-10-01 01:28:17.380000+00:00,26604.0,26602.0,2.0
2018-10-01 01:28:19.482000+00:00,26605.0,26602.0,3.0
2018-10-01 01:28:21.587000+00:00,26605.0,26603.0,2.0
2018-10-01 01:28:25.096000+00:00,26604.0,26602.0,2.0
2018-10-01 01:28:27.551000+00:00,26605.0,26603.0,2.0
2018-10-01 01:28:42.294000+00:00,26606.0,26604.0,2.0
2018-10-01 01:28:43.696000+00:00,26606.0,26603.0,3.0
2018-10-01 01:28:48.254000+00:00,26606.0,26604.0,2.0
2018-10-01 01:28:49.656000+00:00,26605.0,26604.0,1.0
2018-10-01 01:28:50.708000+00:00,26607.0,26604.0,3.0
2018-10-01 01:28:51.059000+00:00,26605.0,26604.0,1.0
2018-10-01 01:28:51.760000+00:00,26606.0,26604.0,2.0
2018-10-01 01:28:52.461000+00:00,26605.0,26604.0,1.0
2018-10-01 01:29:02.628000+00:00,26606.0,26604.0,2.0
2018-10-01 01:29:07.188000+00:00,26607.0,26604.0,3.0
2018-10-01 01:29:14.903000+00:00,26606.0,26604.0,2.0
2018-10-01 01:29:15.605000+00:00,26605.0,26603.0,2.0
2018-10-01 01:29:15.956000+00:00,26605.0,26604.0,1.0
2018-10-01 01:29:16.306000+00:00,26605.0,26603.0,2.0
2018-10-01 01:29:19.462000+00:00,26604.0,26603.0,1.0
2018-10-01 01:29:21.566000+00:00,26606.0,26603.0,3.0
2018-10-01 01:29:21.917000+00:00,26605.0,26603.0,2.0
2018-10-01 01:29:24.728000+00:00,26605.0,26604.0,1.0
2018-10-01 01:29:26.482000+00:00,26606.0,26604.0,2.0
2018-10-01 01:29:30.693000+00:00,26606.0,26603.0,3.0
2018-10-01 01:29:31.043000+00:00,26606.0,26604.0,2.0
2018-10-01 01:29:33.846000+00:00,26606.0,26603.0,3.0
2018-10-01 01:29:36.299000+00:00,26605.0,26603.0,2.0
2018-10-01 01:29:37.701000+00:00,26606.0,26603.0,3.0
2018-10-01 01:29:42.959000+00:00,26605.0,26603.0,2.0
2018-10-01 01:29:45.762000+00:00,26605.0,26602.0,3.0
2018-10-01 01:29:46.116000+00:00,26604.0,26602.0,2.0
2018-10-01 01:29:49.274000+00:00,26605.0,26602.0,3.0
2018-10-01 01:29:50.327000+00:00,26604.0,26602.0,2.0
2018-10-01 01:29:53.833000+00:00,26604.0,26601.0,3.0
2018-10-01 01:29:54.534000+00:00,26605.0,26602.0,3.0
2018-10-01 01:29:54.884000+00:00,26604.0,26602.0,2.0
2018-10-01 01:29:55.585000+00:00,26605.0,26602.0,3.0
2018-10-01 01:29:56.988000+00:00,26605.0,26603.0,2.0
2018-10-01 01:29:57.339000+00:00,26605.0,26602.0,3.0
2018-10-01 01:29:58.745000+00:00,26604.0,26602.0,2.0
2018-10-01 01:30:00.149000+00:00,26605.0,26602.0,3.0
2018-10-01 01:30:02.613000+00:00,26605.0,26603.0,2.0
2018-10-01 01:30:02.965000+00:00,26605.0,26602.0,3.0
2018-10-01 01:30:04.019000+00:00,26605.0,26603.0,2.0
2018-10-01 01:30:05.422000+00:00,26606.0,26603.0,3.0
2018-10-01 01:30:06.473000+00:00,26606.0,26604.0,2.0
2018-10-01 01:30:09.280000+00:00,26606.0,26603.0,3.0
2018-10-01 01:30:09.980000+00:00,26605.0,26603.0,2.0
2018-10-01 01:30:38.398000+00:00,26605.0,26602.0,3.0
2018-10-01 01:30:40.852000+00:00,26605.0,26603.0,2.0
2018-10-01 01:30:41.552000+00:00,26605.0,26602.0,3.0
2018-10-01 01:30:43.656000+00:00,26605.0,26603.0,2.0
2018-10-01 01:30:47.164000+00:00,26605.0,26602.0,3.0
2018-10-01 01:30:47.866000+00:00,26604.0,26602.0,2.0
2018-10-01 01:30:51.721000+00:00,26604.0,26601.0,3.0
2018-10-01 01:30:52.773000+00:00,26603.0,26601.0,2.0
2018-10-01 01:30:53.474000+00:00,26604.0,26601.0,3.0
2018-10-01 01:30:54.176000+00:00,26603.0,26601.0,2.0
2018-10-01 01:31:03.290000+00:00,26603.0,26600.0,3.0
2018-10-01 01:31:03.642000+00:00,26603.0,26601.0,2.0
2018-10-01 01:31:03.993000+00:00,26603.0,26600.0,3.0
2018-10-01 01:31:06.451000+00:00,26603.0,26601.0,2.0
2018-10-01 01:31:08.553000+00:00,26604.0,26602.0,2.0
2018-10-01 01:31:12.411000+00:00,26604.0,26601.0,3.0
2018-10-01 01:31:19.071000+00:00,26603.0,26601.0,2.0
2018-10-01 01:31:24.681000+00:00,26604.0,26601.0,3.0
2018-10-01 01:31:25.032000+00:00,26604.0,26602.0,2.0
2018-10-01 01:31:28.888000+00:00,26604.0,26601.0,3.0
2018-10-01 01:31:30.991000+00:00,26604.0,26602.0,2.0
2018-10-01 01:31:33.798000+00:00,26603.0,26601.0,2.0
2018-10-01 01:31:34.149000+00:00,26604.0,26602.0,2.0
2018-10-01 01:31:48.868000+00:00,26605.0,26602.0,3.0
2018-10-01 01:31:49.920000+00:00,26605.0,26603.0,2.0
2018-10-01 01:31:51.327000+00:00,26605.0,26602.0,3.0
2018-10-01 01:31:56.586000+00:00,26606.0,26603.0,3.0
2018-10-01 01:31:56.937000+00:00,26605.0,26603.0,2.0
2018-10-01 01:31:58.690000+00:00,26604.0,26603.0,1.0
2018-10-01 01:31:59.741000+00:00,26605.0,26603.0,2.0
2018-10-01 01:32:05.348000+00:00,26605.0,26604.0,1.0
2018-10-01 01:32:07.803000+00:00,26606.0,26604.0,2.0
2018-10-01 01:32:13.410000+00:00,26605.0,26604.0,1.0
2018-10-01 01:32:14.813000+00:00,26606.0,26604.0,2.0
2018-10-01 01:32:26.029000+00:00,26605.0,26604.0,1.0
2018-10-01 01:32:28.130000+00:00,26606.0,26604.0,2.0
2018-10-01 01:32:29.536000+00:00,26605.0,26604.0,1.0
2018-10-01 01:32:32.692000+00:00,26606.0,26604.0,2.0
2018-10-01 01:32:34.446000+00:00,26605.0,26604.0,1.0
2018-10-01 01:32:38.657000+00:00,26606.0,26604.0,2.0
2018-10-01 01:32:42.868000+00:00,26606.0,26605.0,1.0
2018-10-01 01:32:49.537000+00:00,26607.0,26605.0,2.0
2018-10-01 01:32:52.692000+00:00,26607.0,26606.0,1.0
2018-10-01 01:32:53.397000+00:00,26607.0,26605.0,2.0
2018-10-01 01:32:57.262000+00:00,26606.0,26605.0,1.0
2018-10-01 01:33:00.426000+00:00,26607.0,26605.0,2.0
2018-10-01 01:33:08.852000+00:00,26606.0,26605.0,1.0
2018-10-01 01:33:10.258000+00:00,26607.0,26605.0,2.0
2018-10-01 01:33:21.486000+00:00,26606.0,26605.0,1.0
2018-10-01 01:33:28.850000+00:00,26607.0,26605.0,2.0
2018-10-01 01:33:31.306000+00:00,26608.0,26605.0,3.0
2018-10-01 01:33:47.789000+00:00,26608.0,26606.0,2.0
2018-10-01 01:34:31.269000+00:00,26608.0,26607.0,1.0
2018-10-01 01:34:32.321000+00:00,26607.0,26606.0,1.0
2018-10-01 01:34:34.778000+00:00,26607.0,26605.0,2.0
2018-10-01 01:34:38.984000+00:00,26607.0,26606.0,1.0
2018-10-01 01:34:45.646000+00:00,26607.0,26605.0,2.0
2018-10-01 01:34:49.154000+00:00,26607.0,26606.0,1.0
2018-10-01 01:35:02.825000+00:00,26607.0,26605.0,2.0
2018-10-01 01:35:28.072000+00:00,26606.0,26605.0,1.0
2018-10-01 01:35:34.032000+00:00,26607.0,26605.0,2.0
2018-10-01 01:35:37.540000+00:00,26606.0,26605.0,1.0
2018-10-01 01:35:39.995000+00:00,26607.0,26606.0,1.0
2018-10-01 01:35:41.397000+00:00,26607.0,26605.0,2.0
2018-10-01 01:35:47.008000+00:00,26608.0,26606.0,2.0
2018-10-01 01:35:48.410000+00:00,26607.0,26605.0,2.0
2018-10-01 01:35:49.464000+00:00,26608.0,26605.0,3.0
2018-10-01 01:35:51.917000+00:00,26607.0,26605.0,2.0
2018-10-01 01:35:58.227000+00:00,26607.0,26604.0,3.0
2018-10-01 01:35:59.278000+00:00,26607.0,26605.0,2.0
2018-10-01 01:36:00.680000+00:00,26607.0,26604.0,3.0
2018-10-01 01:36:03.483000+00:00,26606.0,26604.0,2.0
2018-10-01 01:36:19.265000+00:00,26607.0,26604.0,3.0
2018-10-01 01:36:26.973000+00:00,26606.0,26604.0,2.0
2018-10-01 01:36:41.348000+00:00,26605.0,26604.0,1.0
2018-10-01 01:36:41.699000+00:00,26606.0,26604.0,2.0
2018-10-01 01:36:42.749000+00:00,26606.0,26605.0,1.0
2018-10-01 01:36:49.767000+00:00,26606.0,26604.0,2.0
2018-10-01 01:36:59.586000+00:00,26605.0,26604.0,1.0
2018-10-01 01:37:00.988000+00:00,26606.0,26604.0,2.0
2018-10-01 01:37:01.339000+00:00,26606.0,26605.0,1.0
2018-10-01 01:37:18.518000+00:00,26606.0,26604.0,2.0
2018-10-01 01:37:23.428000+00:00,26606.0,26605.0,1.0
2018-10-01 01:37:26.584000+00:00,26606.0,26604.0,2.0
2018-10-01 01:37:33.599000+00:00,26606.0,26605.0,1.0
2018-10-01 01:37:33.949000+00:00,26606.0,26604.0,2.0
2018-10-01 01:37:35.701000+00:00,26606.0,26605.0,1.0
2018-10-01 01:37:45.514000+00:00,26607.0,26604.0,3.0
2018-10-01 01:37:45.864000+00:00,26606.0,26605.0,1.0
2018-10-01 01:37:46.215000+00:00,26607.0,26605.0,2.0
2018-10-01 01:37:46.565000+00:00,26606.0,26605.0,1.0
2018-10-01 01:37:50.421000+00:00,26606.0,26604.0,2.0
2018-10-01 01:37:56.029000+00:00,26606.0,26605.0,1.0
2018-10-01 01:38:05.496000+00:00,26607.0,26606.0,1.0
2018-10-01 01:38:08.299000+00:00,26607.0,26605.0,2.0
2018-10-01 01:38:11.103000+00:00,26607.0,26606.0,1.0
2018-10-01 01:38:21.973000+00:00,26607.0,26605.0,2.0
2018-10-01 01:38:22.324000+00:00,26606.0,26605.0,1.0
2018-10-01 01:38:26.185000+00:00,26606.0,26604.0,2.0
2018-10-01 01:38:29.691000+00:00,26605.0,26603.0,2.0
2018-10-01 01:38:30.391000+00:00,26605.0,26604.0,1.0
2018-10-01 01:38:31.094000+00:00,26604.0,26603.0,1.0
2018-10-01 01:38:32.496000+00:00,26604.0,26602.0,2.0
2018-10-01 01:38:40.209000+00:00,26603.0,26602.0,1.0
2018-10-01 01:38:40.559000+00:00,26604.0,26603.0,1.0
2018-10-01 01:38:43.364000+00:00,26605.0,26603.0,2.0
2018-10-01 01:38:49.320000+00:00,26605.0,26604.0,1.0
2018-10-01 01:38:53.178000+00:00,26605.0,26603.0,2.0
2018-10-01 01:38:54.930000+00:00,26604.0,26603.0,1.0
2018-10-01 01:38:56.681000+00:00,26605.0,26603.0,2.0
2018-10-01 01:39:02.294000+00:00,26604.0,26602.0,2.0
2018-10-01 01:39:04.399000+00:00,26603.0,26602.0,1.0
2018-10-01 01:39:04.751000+00:00,26604.0,26602.0,2.0
2018-10-01 01:39:14.567000+00:00,26604.0,26603.0,1.0
2018-10-01 01:39:14.919000+00:00,26604.0,26602.0,2.0
2018-10-01 01:39:33.140000+00:00,26603.0,26602.0,1.0
2018-10-01 01:39:35.595000+00:00,26604.0,26602.0,2.0
2018-10-01 01:39:36.296000+00:00,26603.0,26602.0,1.0
2018-10-01 01:40:00.830000+00:00,26603.0,26601.0,2.0
2018-10-01 01:40:04.336000+00:00,26603.0,26602.0,1.0
2018-10-01 01:40:08.541000+00:00,26604.0,26602.0,2.0
2018-10-01 01:40:16.254000+00:00,26603.0,26602.0,1.0
2018-10-01 01:40:22.564000+00:00,26603.0,26601.0,2.0
2018-10-01 01:40:25.018000+00:00,26602.0,26601.0,1.0
2018-10-01 01:40:26.420000+00:00,26603.0,26601.0,2.0
2018-10-01 01:40:29.928000+00:00,26602.0,26601.0,1.0
2018-10-01 01:40:30.280000+00:00,26602.0,26600.0,2.0
2018-10-01 01:40:32.384000+00:00,26601.0,26600.0,1.0
2018-10-01 01:40:35.187000+00:00,26602.0,26600.0,2.0
2018-10-01 01:40:35.537000+00:00,26601.0,26600.0,1.0
2018-10-01 01:40:36.589000+00:00,26602.0,26600.0,2.0
2018-10-01 01:40:43.250000+00:00,26601.0,26600.0,1.0
2018-10-01 01:40:45.005000+00:00,26602.0,26600.0,2.0
2018-10-01 01:40:52.372000+00:00,26601.0,26600.0,1.0
2018-10-01 01:40:53.773000+00:00,26602.0,26600.0,2.0
2018-10-01 01:40:57.978000+00:00,26601.0,26600.0,1.0
2018-10-01 01:40:59.029000+00:00,26602.0,26600.0,2.0
2018-10-01 01:41:02.884000+00:00,26602.0,26601.0,1.0
2018-10-01 01:41:03.937000+00:00,26603.0,26601.0,2.0
2018-10-01 01:41:05.338000+00:00,26603.0,26602.0,1.0
2018-10-01 01:41:06.389000+00:00,26603.0,26601.0,2.0
2018-10-01 01:41:08.841000+00:00,26603.0,26602.0,1.0
2018-10-01 01:41:29.240000+00:00,26603.0,26601.0,2.0
2018-10-01 01:41:30.642000+00:00,26603.0,26602.0,1.0
2018-10-01 01:41:32.045000+00:00,26603.0,26601.0,2.0
2018-10-01 01:41:46.778000+00:00,26603.0,26602.0,1.0
2018-10-01 01:41:51.691000+00:00,26604.0,26602.0,2.0
2018-10-01 01:41:53.094000+00:00,26604.0,26603.0,1.0
2018-10-01 01:41:53.796000+00:00,26605.0,26603.0,2.0
2018-10-01 01:41:54.145000+00:00,26605.0,26604.0,1.0
2018-10-01 01:42:00.108000+00:00,26605.0,26603.0,2.0
2018-10-01 01:42:01.512000+00:00,26604.0,26603.0,1.0
2018-10-01 01:42:03.267000+00:00,26604.0,26602.0,2.0
2018-10-01 01:42:08.179000+00:00,26604.0,26603.0,1.0
2018-10-01 01:42:14.139000+00:00,26605.0,26603.0,2.0
2018-10-01 01:42:14.489000+00:00,26604.0,26602.0,2.0
2018-10-01 01:42:18.694000+00:00,26604.0,26603.0,1.0
2018-10-01 01:42:33.417000+00:00,26604.0,26602.0,2.0
2018-10-01 01:42:37.975000+00:00,26605.0,26603.0,2.0
2018-10-01 01:42:46.036000+00:00,26604.0,26603.0,1.0
2018-10-01 01:42:49.891000+00:00,26605.0,26603.0,2.0
2018-10-01 01:43:07.420000+00:00,26604.0,26603.0,1.0
2018-10-01 01:43:21.442000+00:00,26605.0,26604.0,1.0
2018-10-01 01:43:23.544000+00:00,26605.0,26603.0,2.0
2018-10-01 01:43:50.185000+00:00,26605.0,26604.0,1.0
2018-10-01 01:43:55.446000+00:00,26605.0,26603.0,2.0
2018-10-01 01:44:02.109000+00:00,26605.0,26604.0,1.0
2018-10-01 01:44:04.912000+00:00,26606.0,26604.0,2.0
2018-10-01 01:44:21.036000+00:00,26605.0,26603.0,2.0
2018-10-01 01:44:30.497000+00:00,26606.0,26603.0,3.0
2018-10-01 01:44:35.401000+00:00,26606.0,26604.0,2.0
2018-10-01 01:44:44.516000+00:00,26606.0,26603.0,3.0
2018-10-01 01:44:48.024000+00:00,26606.0,26604.0,2.0
2018-10-01 01:45:03.460000+00:00,26607.0,26605.0,2.0
2018-10-01 01:45:03.810000+00:00,26607.0,26604.0,3.0
2018-10-01 01:45:04.512000+00:00,26607.0,26605.0,2.0
2018-10-01 01:45:05.213000+00:00,26608.0,26605.0,3.0
2018-10-01 01:45:05.564000+00:00,26607.0,26605.0,2.0
2018-10-01 01:45:09.770000+00:00,26607.0,26606.0,1.0
2018-10-01 01:45:46.287000+00:00,26607.0,26605.0,2.0
2018-10-01 01:45:46.639000+00:00,26607.0,26606.0,1.0
2018-10-01 01:45:50.845000+00:00,26607.0,26605.0,2.0
2018-10-01 01:46:06.972000+00:00,26606.0,26605.0,1.0
2018-10-01 01:46:17.493000+00:00,26606.0,26604.0,2.0
2018-10-01 01:46:17.843000+00:00,26606.0,26605.0,1.0
2018-10-01 01:46:23.450000+00:00,26607.0,26606.0,1.0
2018-10-01 01:46:25.553000+00:00,26606.0,26605.0,1.0
2018-10-01 01:46:25.904000+00:00,26607.0,26605.0,2.0
2018-10-01 01:46:30.109000+00:00,26606.0,26605.0,1.0
2018-10-01 01:46:30.809000+00:00,26607.0,26605.0,2.0
2018-10-01 01:46:33.263000+00:00,26606.0,26605.0,1.0
2018-10-01 01:46:33.964000+00:00,26606.0,26604.0,2.0
2018-10-01 01:46:34.315000+00:00,26605.0,26604.0,1.0
2018-10-01 01:46:37.117000+00:00,26606.0,26604.0,2.0
2018-10-01 01:46:39.920000+00:00,26606.0,26605.0,1.0
2018-10-01 01:46:54.985000+00:00,26607.0,26605.0,2.0
2018-10-01 01:47:01.291000+00:00,26606.0,26605.0,1.0
2018-10-01 01:47:03.044000+00:00,26607.0,26606.0,1.0
2018-10-01 01:47:23.723000+00:00,26608.0,26606.0,2.0
2018-10-01 01:47:24.074000+00:00,26607.0,26606.0,1.0
2018-10-01 01:47:33.538000+00:00,26608.0,26606.0,2.0
2018-10-01 01:47:33.888000+00:00,26607.0,26606.0,1.0
2018-10-01 01:47:35.643000+00:00,26608.0,26606.0,2.0
2018-10-01 01:47:37.045000+00:00,26608.0,26607.0,1.0
2018-10-01 01:47:39.849000+00:00,26610.0,26608.0,2.0
2018-10-01 01:47:40.199000+00:00,26609.0,26608.0,1.0
2018-10-01 01:47:40.899000+00:00,26608.0,26607.0,1.0
2018-10-01 01:47:42.301000+00:00,26609.0,26608.0,1.0
2018-10-01 01:47:43.707000+00:00,26610.0,26608.0,2.0
2018-10-01 01:47:45.459000+00:00,26609.0,26608.0,1.0
2018-10-01 01:47:48.963000+00:00,26610.0,26608.0,2.0
2018-10-01 01:47:50.364000+00:00,26609.0,26608.0,1.0
2018-10-01 01:48:26.124000+00:00,26611.0,26609.0,2.0
2018-10-01 01:48:26.476000+00:00,26611.0,26610.0,1.0
2018-10-01 01:48:26.825000+00:00,26611.0,26609.0,2.0
2018-10-01 01:48:28.228000+00:00,26611.0,26610.0,1.0
2018-10-01 01:48:28.928000+00:00,26610.0,26609.0,1.0
2018-10-01 01:48:32.084000+00:00,26612.0,26609.0,3.0
2018-10-01 01:48:32.434000+00:00,26611.0,26609.0,2.0
2018-10-01 01:48:39.095000+00:00,26610.0,26609.0,1.0
2018-10-01 01:48:39.447000+00:00,26610.0,26608.0,2.0
2018-10-01 01:48:39.797000+00:00,26610.0,26609.0,1.0
2018-10-01 01:48:40.499000+00:00,26610.0,26608.0,2.0
2018-10-01 01:48:42.253000+00:00,26610.0,26609.0,1.0
2018-10-01 01:48:42.956000+00:00,26610.0,26608.0,2.0
2018-10-01 01:48:43.307000+00:00,26609.0,26608.0,1.0
2018-10-01 01:48:43.658000+00:00,26611.0,26608.0,3.0
2018-10-01 01:48:44.010000+00:00,26610.0,26608.0,2.0
2018-10-01 01:48:45.062000+00:00,26609.0,26608.0,1.0
2018-10-01 01:48:47.167000+00:00,26609.0,26607.0,2.0
2018-10-01 01:48:48.570000+00:00,26608.0,26606.0,2.0
2018-10-01 01:48:48.922000+00:00,26609.0,26606.0,3.0
2018-10-01 01:48:49.973000+00:00,26608.0,26606.0,2.0
2018-10-01 01:48:55.583000+00:00,26608.0,26605.0,3.0
2018-10-01 01:48:55.933000+00:00,26607.0,26605.0,2.0
2018-10-01 01:48:56.286000+00:00,26608.0,26605.0,3.0
2018-10-01 01:49:00.145000+00:00,26608.0,26606.0,2.0
2018-10-01 01:49:08.919000+00:00,26609.0,26606.0,3.0
2018-10-01 01:49:09.621000+00:00,26608.0,26606.0,2.0
2018-10-01 01:49:12.078000+00:00,26609.0,26606.0,3.0
2018-10-01 01:49:22.249000+00:00,26608.0,26606.0,2.0
2018-10-01 01:50:14.169000+00:00,26608.0,26605.0,3.0
2018-10-01 01:50:29.950000+00:00,26608.0,26606.0,2.0
2018-10-01 01:50:31.354000+00:00,26608.0,26605.0,3.0
2018-10-01 01:50:31.704000+00:00,26607.0,26605.0,2.0
2018-10-01 01:50:32.057000+00:00,26607.0,26606.0,1.0
2018-10-01 01:50:32.408000+00:00,26608.0,26607.0,1.0
2018-10-01 01:50:38.726000+00:00,26608.0,26606.0,2.0
2018-10-01 01:50:44.689000+00:00,26607.0,26606.0,1.0
2018-10-01 01:50:49.596000+00:00,26608.0,26606.0,2.0
2018-10-01 01:50:55.909000+00:00,26612.0,26610.0,2.0
2018-10-01 01:50:56.260000+00:00,26611.0,26609.0,2.0
2018-10-01 01:50:57.663000+00:00,26611.0,26610.0,1.0
2018-10-01 01:50:58.013000+00:00,26611.0,26609.0,2.0
2018-10-01 01:50:58.713000+00:00,26610.0,26609.0,1.0
2018-10-01 01:51:02.572000+00:00,26611.0,26609.0,2.0
2018-10-01 01:51:08.895000+00:00,26611.0,26610.0,1.0
2018-10-01 01:51:09.245000+00:00,26611.0,26609.0,2.0
2018-10-01 01:51:14.857000+00:00,26611.0,26610.0,1.0
2018-10-01 01:51:18.015000+00:00,26610.0,26609.0,1.0
2018-10-01 01:51:19.769000+00:00,26613.0,26611.0,2.0
2018-10-01 01:51:20.120000+00:00,26612.0,26611.0,1.0
2018-10-01 01:51:21.173000+00:00,26613.0,26611.0,2.0
2018-10-01 01:51:23.278000+00:00,26613.0,26612.0,1.0
2018-10-01 01:51:24.330000+00:00,26612.0,26611.0,1.0
2018-10-01 01:51:27.834000+00:00,26613.0,26611.0,2.0
2018-10-01 01:51:34.848000+00:00,26612.0,26611.0,1.0
2018-10-01 01:51:38.355000+00:00,26613.0,26612.0,1.0
2018-10-01 01:51:38.706000+00:00,26613.0,26611.0,2.0
2018-10-01 01:51:42.561000+00:00,26612.0,26611.0,1.0
2018-10-01 01:51:47.122000+00:00,26612.0,26610.0,2.0
2018-10-01 01:51:53.083000+00:00,26612.0,26611.0,1.0
2018-10-01 01:51:56.940000+00:00,26612.0,26610.0,2.0
2018-10-01 01:51:57.292000+00:00,26612.0,26611.0,1.0
2018-10-01 01:51:57.642000+00:00,26612.0,26610.0,2.0
2018-10-01 01:51:57.992000+00:00,26612.0,26611.0,1.0
2018-10-01 01:51:58.345000+00:00,26612.0,26610.0,2.0
2018-10-01 01:51:59.396000+00:00,26611.0,26610.0,1.0
2018-10-01 01:52:05.713000+00:00,26610.0,26609.0,1.0
2018-10-01 01:52:13.429000+00:00,26610.0,26608.0,2.0
2018-10-01 01:52:21.848000+00:00,26609.0,26608.0,1.0
2018-10-01 01:52:33.775000+00:00,26609.0,26607.0,2.0
2018-10-01 01:52:44.295000+00:00,26608.0,26606.0,2.0
2018-10-01 01:52:44.646000+00:00,26608.0,26607.0,1.0
2018-10-01 01:52:57.622000+00:00,26609.0,26607.0,2.0
2018-10-01 01:52:58.673000+00:00,26608.0,26607.0,1.0
2018-10-01 01:53:07.436000+00:00,26610.0,26607.0,3.0
2018-10-01 01:53:07.786000+00:00,26609.0,26607.0,2.0
2018-10-01 01:53:08.488000+00:00,26609.0,26608.0,1.0
2018-10-01 01:53:13.046000+00:00,26609.0,26607.0,2.0
2018-10-01 01:53:20.760000+00:00,26609.0,26608.0,1.0
2018-10-01 01:53:27.773000+00:00,26610.0,26609.0,1.0
2018-10-01 01:53:34.085000+00:00,26611.0,26609.0,2.0
2018-10-01 01:53:34.436000+00:00,26610.0,26609.0,1.0
2018-10-01 01:53:46.009000+00:00,26611.0,26609.0,2.0
2018-10-01 01:53:46.709000+00:00,26610.0,26608.0,2.0
2018-10-01 01:53:49.167000+00:00,26609.0,26608.0,1.0
2018-10-01 01:54:02.491000+00:00,26609.0,26607.0,2.0
2018-10-01 01:54:04.245000+00:00,26609.0,26608.0,1.0
2018-10-01 01:54:14.062000+00:00,26611.0,26608.0,3.0
2018-10-01 01:54:14.413000+00:00,26610.0,26609.0,1.0
2018-10-01 01:54:31.590000+00:00,26609.0,26608.0,1.0
2018-10-01 01:54:31.944000+00:00,26610.0,26608.0,2.0
2018-10-01 01:54:33.347000+00:00,26611.0,26608.0,3.0
2018-10-01 01:54:38.605000+00:00,26610.0,26608.0,2.0
2018-10-01 01:54:43.863000+00:00,26611.0,26608.0,3.0
2018-10-01 01:54:55.431000+00:00,26611.0,26609.0,2.0
2018-10-01 01:55:01.043000+00:00,26610.0,26608.0,2.0
2018-10-01 01:55:01.744000+00:00,26611.0,26608.0,3.0
2018-10-01 01:55:07.710000+00:00,26610.0,26608.0,2.0
2018-10-01 01:55:13.672000+00:00,26611.0,26608.0,3.0
2018-10-01 01:55:17.535000+00:00,26610.0,26608.0,2.0
2018-10-01 01:55:21.041000+00:00,26611.0,26608.0,3.0
2018-10-01 01:55:34.012000+00:00,26610.0,26608.0,2.0
2018-10-01 01:55:42.774000+00:00,26609.0,26607.0,2.0
2018-10-01 01:55:53.638000+00:00,26610.0,26607.0,3.0
2018-10-01 01:55:55.041000+00:00,26610.0,26608.0,2.0
2018-10-01 01:56:13.678000+00:00,26610.0,26607.0,3.0
2018-10-01 01:56:20.339000+00:00,26609.0,26607.0,2.0
2018-10-01 01:56:30.148000+00:00,26610.0,26607.0,3.0
2018-10-01 01:56:42.420000+00:00,26610.0,26608.0,2.0
2018-10-01 01:56:48.380000+00:00,26610.0,26609.0,1.0
2018-10-01 01:56:49.081000+00:00,26609.0,26608.0,1.0
2018-10-01 01:56:57.498000+00:00,26610.0,26608.0,2.0
2018-10-01 01:56:57.849000+00:00,26609.0,26608.0,1.0
2018-10-01 01:56:59.601000+00:00,26610.0,26608.0,2.0
2018-10-01 01:57:00.302000+00:00,26610.0,26609.0,1.0
2018-10-01 01:57:02.406000+00:00,26611.0,26609.0,2.0
2018-10-01 01:57:02.756000+00:00,26611.0,26610.0,1.0
2018-10-01 01:57:03.808000+00:00,26612.0,26610.0,2.0
2018-10-01 01:57:04.162000+00:00,26612.0,26611.0,1.0
2018-10-01 01:57:04.513000+00:00,26611.0,26610.0,1.0
2018-10-01 01:57:09.421000+00:00,26611.0,26609.0,2.0
2018-10-01 01:57:10.474000+00:00,26610.0,26609.0,1.0
2018-10-01 01:57:13.280000+00:00,26609.0,26607.0,2.0
2018-10-01 01:57:39.228000+00:00,26609.0,26606.0,3.0
