,ask,size
2018-10-01 00:00:00.139000+00:00,26602.0,12.0
2018-10-01 00:00:00.492000+00:00,26601.0,12.0
2018-10-01 00:00:01.196000+00:00,26599.0,10.0
2018-10-01 00:00:01.548000+00:00,26600.0,12.0
2018-10-01 00:00:04.356000+00:00,26601.0,12.0
2018-10-01 00:00:07.514000+00:00,26600.0,12.0
2018-10-01 00:00:07.866000+00:00,26599.0,12.0
2018-10-01 00:00:08.218000+00:00,26598.0,12.0
2018-10-01 00:00:10.321000+00:00,26599.0,12.0
2018-10-01 00:00:11.724000+00:00,26598.0,12.0
2018-10-01 00:00:12.076000+00:00,26597.0,12.0
2018-10-01 00:00:14.180000+00:00,26596.0,10.0
2018-10-01 00:00:14.884000+00:00,26598.0,12.0
2018-10-01 00:00:15.936000+00:00,26597.0,12.0
2018-10-01 00:00:16.287000+00:00,26598.0,12.0
2018-10-01 00:00:17.340000+00:00,26597.0,12.0
2018-10-01 00:00:17.689000+00:00,26598.0,12.0
2018-10-01 00:00:18.742000+00:00,26597.0,12.0
2018-10-01 00:00:20.147000+00:00,26596.0,12.0
2018-10-01 00:00:20.499000+00:00,26597.0,12.0
2018-10-01 00:00:25.758000+00:00,26598.0,12.0
2018-10-01 00:00:29.617000+00:00,26597.0,12.0
2018-10-01 00:00:51.010000+00:00,26598.0,12.0
2018-10-01 00:01:00.835000+00:00,26597.0,12.0
2018-10-01 00:01:07.147000+00:00,26598.0,12.0
2018-10-01 00:01:12.055000+00:00,26599.0,12.0
2018-10-01 00:01:12.757000+00:00,26598.0,12.0
2018-10-01 00:01:20.121000+00:00,26599.0,12.0
2018-10-01 00:01:21.523000+00:00,26600.0,12.0
2018-10-01 00:01:38.356000+00:00,26601.0,12.0
2018-10-01 00:01:39.058000+00:00,26600.0,12.0
2018-10-01 00:01:43.966000+00:00,26599.0,12.0
2018-10-01 00:01:54.481000+00:00,26600.0,12.0
2018-10-01 00:01:58.338000+00:00,26599.0,12.0
2018-10-01 00:02:00.442000+00:00,26600.0,12.0
2018-10-01 00:02:03.600000+00:00,26599.0,12.0
2018-10-01 00:02:07.112000+00:00,26597.0,12.0
2018-10-01 00:02:11.670000+00:00,26598.0,12.0
2018-10-01 00:02:13.773000+00:00,26597.0,12.0
2018-10-01 00:02:21.485000+00:00,26596.0,12.0
2018-10-01 00:02:25.694000+00:00,26597.0,12.0
2018-10-01 00:02:29.898000+00:00,26598.0,12.0
2018-10-01 00:02:32.703000+00:00,26599.0,12.0
2018-10-01 00:02:34.455000+00:00,26600.0,12.0
2018-10-01 00:02:41.467000+00:00,26599.0,12.0
2018-10-01 00:02:42.520000+00:00,26600.0,12.0
2018-10-01 00:02:46.374000+00:00,26599.0,12.0
2018-10-01 00:02:47.427000+00:00,26600.0,10.0
2018-10-01 00:02:49.880000+00:00,26599.0,5.0
2018-10-01 00:02:50.932000+00:00,26600.0,12.0
2018-10-01 00:02:51.633000+00:00,26601.0,12.0
2018-10-01 00:02:52.685000+00:00,26600.0,12.0
2018-10-01 00:02:56.891000+00:00,26599.0,12.0
2018-10-01 00:02:57.242000+00:00,26600.0,12.0
2018-10-01 00:02:59.345000+00:00,26599.0,12.0
2018-10-01 00:03:01.100000+00:00,26598.0,12.0
2018-10-01 00:03:01.450000+00:00,26599.0,12.0
2018-10-01 00:03:02.855000+00:00,26598.0,12.0
2018-10-01 00:03:07.765000+00:00,26597.0,12.0
2018-10-01 00:03:14.776000+00:00,26594.0,12.0
2018-10-01 00:03:34.414000+00:00,26593.0,12.0
2018-10-01 00:03:42.133000+00:00,26591.0,12.0
2018-10-01 00:03:42.483000+00:00,26592.0,12.0
2018-10-01 00:03:47.741000+00:00,26591.0,12.0
2018-10-01 00:03:48.794000+00:00,26592.0,12.0
2018-10-01 00:03:49.144000+00:00,26591.0,12.0
2018-10-01 00:03:49.495000+00:00,26592.0,12.0
2018-10-01 00:03:50.547000+00:00,26591.0,12.0
2018-10-01 00:03:51.249000+00:00,26592.0,12.0
2018-10-01 00:03:51.600000+00:00,26591.0,12.0
2018-10-01 00:03:51.952000+00:00,26590.0,12.0
2018-10-01 00:03:52.302000+00:00,26591.0,12.0
2018-10-01 00:03:53.354000+00:00,26592.0,12.0
2018-10-01 00:03:55.457000+00:00,26591.0,12.0
2018-10-01 00:03:55.809000+00:00,26592.0,12.0
2018-10-01 00:03:59.665000+00:00,26591.0,12.0
2018-10-01 00:04:00.367000+00:00,26593.0,12.0
2018-10-01 00:04:01.420000+00:00,26594.0,12.0
2018-10-01 00:04:05.629000+00:00,26593.0,12.0
2018-10-01 00:04:06.681000+00:00,26592.0,10.0
2018-10-01 00:04:17.898000+00:00,26591.0,10.0
2018-10-01 00:04:27.715000+00:00,26592.0,10.0
2018-10-01 00:04:29.818000+00:00,26591.0,10.0
2018-10-01 00:04:38.577000+00:00,26590.0,10.0
2018-10-01 00:04:38.930000+00:00,26591.0,10.0
2018-10-01 00:04:45.591000+00:00,26590.0,5.0
2018-10-01 00:04:47.344000+00:00,26591.0,10.0
2018-10-01 00:04:50.500000+00:00,26590.0,10.0
2018-10-01 00:04:58.915000+00:00,26591.0,10.0
2018-10-01 00:05:02.778000+00:00,26590.0,10.0
2018-10-01 00:05:05.933000+00:00,26591.0,10.0
2018-10-01 00:05:06.636000+00:00,26590.0,10.0
2018-10-01 00:05:09.791000+00:00,26589.0,10.0
2018-10-01 00:05:13.650000+00:00,26588.0,10.0
2018-10-01 00:05:14.702000+00:00,26587.0,10.0
2018-10-01 00:05:16.454000+00:00,26588.0,10.0
2018-10-01 00:05:19.261000+00:00,26589.0,10.0
2018-10-01 00:05:22.422000+00:00,26588.0,10.0
2018-10-01 00:05:22.772000+00:00,26587.0,10.0
2018-10-01 00:05:24.175000+00:00,26586.0,10.0
2018-10-01 00:05:24.526000+00:00,26587.0,10.0
2018-10-01 00:05:25.928000+00:00,26586.0,10.0
2018-10-01 00:05:28.737000+00:00,26587.0,10.0
2018-10-01 00:05:32.595000+00:00,26588.0,10.0
2018-10-01 00:05:38.911000+00:00,26587.0,10.0
2018-10-01 00:05:42.421000+00:00,26588.0,10.0
2018-10-01 00:05:46.286000+00:00,26589.0,10.0
2018-10-01 00:05:47.340000+00:00,26588.0,10.0
2018-10-01 00:05:56.116000+00:00,26590.0,22.0
2018-10-01 00:05:56.467000+00:00,26589.0,10.0
2018-10-01 00:05:56.819000+00:00,26588.0,10.0
2018-10-01 00:05:57.872000+00:00,26589.0,10.0
2018-10-01 00:06:00.329000+00:00,26590.0,10.0
2018-10-01 00:06:01.031000+00:00,26589.0,10.0
2018-10-01 00:06:01.732000+00:00,26590.0,10.0
2018-10-01 00:06:02.433000+00:00,26589.0,5.0
2018-10-01 00:06:09.804000+00:00,26590.0,10.0
2018-10-01 00:06:13.670000+00:00,26589.0,5.0
2018-10-01 00:06:19.639000+00:00,26590.0,12.0
2018-10-01 00:06:26.661000+00:00,26591.0,12.0
2018-10-01 00:06:36.840000+00:00,26592.0,12.0
2018-10-01 00:06:37.192000+00:00,26590.0,12.0
2018-10-01 00:06:37.895000+00:00,26591.0,12.0
2018-10-01 00:06:58.589000+00:00,26590.0,12.0
2018-10-01 00:07:16.846000+00:00,26591.0,12.0
2018-10-01 00:07:17.198000+00:00,26592.0,12.0
2018-10-01 00:07:17.549000+00:00,26593.0,12.0
2018-10-01 00:07:19.657000+00:00,26594.0,12.0
2018-10-01 00:07:21.060000+00:00,26595.0,12.0
2018-10-01 00:07:27.028000+00:00,26594.0,12.0
2018-10-01 00:07:31.240000+00:00,26595.0,12.0
2018-10-01 00:07:31.591000+00:00,26594.0,10.0
2018-10-01 00:07:32.994000+00:00,26595.0,10.0
2018-10-01 00:07:40.009000+00:00,26596.0,12.0
2018-10-01 00:07:43.515000+00:00,26595.0,12.0
2018-10-01 00:07:47.374000+00:00,26594.0,12.0
2018-10-01 00:07:49.829000+00:00,26595.0,12.0
2018-10-01 00:07:50.179000+00:00,26594.0,12.0
2018-10-01 00:07:51.232000+00:00,26596.0,12.0
2018-10-01 00:07:51.933000+00:00,26595.0,12.0
2018-10-01 00:07:57.546000+00:00,26596.0,12.0
2018-10-01 00:07:59.302000+00:00,26597.0,12.0
2018-10-01 00:08:01.759000+00:00,26598.0,12.0
2018-10-01 00:08:10.180000+00:00,26597.0,12.0
2018-10-01 00:08:21.055000+00:00,26598.0,12.0
2018-10-01 00:08:22.457000+00:00,26597.0,12.0
2018-10-01 00:08:27.719000+00:00,26598.0,10.0
2018-10-01 00:08:29.120000+00:00,26597.0,10.0
2018-10-01 00:08:36.486000+00:00,26596.0,10.0
2018-10-01 00:08:44.554000+00:00,26595.0,10.0
2018-10-01 00:08:52.264000+00:00,26596.0,10.0
2018-10-01 00:08:56.471000+00:00,26595.0,5.0
2018-10-01 00:08:57.525000+00:00,26596.0,10.0
2018-10-01 00:08:59.278000+00:00,26595.0,5.0
2018-10-01 00:09:00.331000+00:00,26596.0,10.0
2018-10-01 00:09:04.539000+00:00,26597.0,10.0
2018-10-01 00:09:10.149000+00:00,26598.0,12.0
2018-10-01 00:09:13.308000+00:00,26597.0,12.0
2018-10-01 00:09:21.374000+00:00,26598.0,12.0
2018-10-01 00:09:22.777000+00:00,26597.0,12.0
2018-10-01 00:09:26.637000+00:00,26598.0,12.0
2018-10-01 00:09:30.845000+00:00,26597.0,12.0
2018-10-01 00:09:43.130000+00:00,26595.0,12.0
2018-10-01 00:09:49.788000+00:00,26596.0,12.0
2018-10-01 00:09:54.345000+00:00,26595.0,12.0
2018-10-01 00:09:58.201000+00:00,26596.0,12.0
2018-10-01 00:10:00.304000+00:00,26597.0,12.0
2018-10-01 00:10:02.763000+00:00,26598.0,12.0
2018-10-01 00:10:07.674000+00:00,26599.0,12.0
2018-10-01 00:10:15.741000+00:00,26600.0,12.0
2018-10-01 00:10:34.332000+00:00,26599.0,12.0
2018-10-01 00:10:36.085000+00:00,26600.0,12.0
2018-10-01 00:11:03.798000+00:00,26601.0,12.0
2018-10-01 00:11:06.608000+00:00,26602.0,12.0
2018-10-01 00:11:10.116000+00:00,26603.0,12.0
2018-10-01 00:11:10.817000+00:00,26602.0,12.0
2018-10-01 00:11:11.522000+00:00,26603.0,12.0
2018-10-01 00:11:25.904000+00:00,26601.0,12.0
2018-10-01 00:11:26.257000+00:00,26600.0,12.0
2018-10-01 00:11:30.113000+00:00,26599.0,12.0
2018-10-01 00:11:32.918000+00:00,26598.0,12.0
2018-10-01 00:11:34.319000+00:00,26599.0,12.0
2018-10-01 00:11:38.525000+00:00,26600.0,12.0
2018-10-01 00:11:41.328000+00:00,26599.0,12.0
2018-10-01 00:11:54.647000+00:00,26597.0,5.0
2018-10-01 00:11:54.996000+00:00,26598.0,12.0
2018-10-01 00:11:57.099000+00:00,26599.0,12.0
2018-10-01 00:12:02.355000+00:00,26598.0,12.0
2018-10-01 00:12:06.559000+00:00,26599.0,12.0
2018-10-01 00:12:07.613000+00:00,26600.0,12.0
2018-10-01 00:12:07.964000+00:00,26601.0,12.0
2018-10-01 00:12:10.773000+00:00,26602.0,12.0
2018-10-01 00:12:17.087000+00:00,26603.0,12.0
2018-10-01 00:12:17.438000+00:00,26602.0,12.0
2018-10-01 00:12:19.190000+00:00,26603.0,12.0
2018-10-01 00:12:19.892000+00:00,26602.0,12.0
2018-10-01 00:12:20.243000+00:00,26601.0,12.0
2018-10-01 00:12:20.946000+00:00,26600.0,12.0
2018-10-01 00:12:22+00:00,26599.0,12.0
2018-10-01 00:12:23.051000+00:00,26600.0,12.0
2018-10-01 00:12:23.402000+00:00,26599.0,12.0
2018-10-01 00:12:25.854000+00:00,26598.0,12.0
2018-10-01 00:12:26.205000+00:00,26599.0,12.0
2018-10-01 00:12:26.555000+00:00,26598.0,12.0
2018-10-01 00:12:35.320000+00:00,26599.0,12.0
2018-10-01 00:12:41.282000+00:00,26598.0,12.0
2018-10-01 00:12:46.188000+00:00,26599.0,12.0
2018-10-01 00:12:48.644000+00:00,26598.0,12.0
2018-10-01 00:12:52.502000+00:00,26599.0,12.0
2018-10-01 00:12:52.852000+00:00,26598.0,12.0
2018-10-01 00:12:57.762000+00:00,26599.0,12.0
2018-10-01 00:13:00.917000+00:00,26600.0,12.0
2018-10-01 00:13:04.430000+00:00,26601.0,12.0
2018-10-01 00:13:28.279000+00:00,26602.0,12.0
2018-10-01 00:13:28.979000+00:00,26603.0,12.0
2018-10-01 00:13:31.432000+00:00,26602.0,12.0
2018-10-01 00:13:31.783000+00:00,26603.0,12.0
2018-10-01 00:13:37.047000+00:00,26602.0,12.0
2018-10-01 00:13:38.451000+00:00,26603.0,12.0
2018-10-01 00:13:44.762000+00:00,26602.0,12.0
2018-10-01 00:13:46.865000+00:00,26603.0,12.0
2018-10-01 00:13:59.493000+00:00,26604.0,12.0
2018-10-01 00:14:03.351000+00:00,26603.0,12.0
2018-10-01 00:14:06.157000+00:00,26602.0,12.0
2018-10-01 00:14:10.016000+00:00,26603.0,12.0
2018-10-01 00:14:14.577000+00:00,26604.0,12.0
2018-10-01 00:14:20.189000+00:00,26605.0,12.0
2018-10-01 00:14:23.346000+00:00,26604.0,12.0
2018-10-01 00:14:24.048000+00:00,26605.0,12.0
2018-10-01 00:14:33.168000+00:00,26604.0,12.0
2018-10-01 00:14:34.925000+00:00,26605.0,12.0
2018-10-01 00:14:35.275000+00:00,26604.0,12.0
2018-10-01 00:14:38.433000+00:00,26605.0,12.0
2018-10-01 00:14:39.483000+00:00,26604.0,12.0
2018-10-01 00:14:40.186000+00:00,26605.0,12.0
2018-10-01 00:14:47.201000+00:00,26604.0,12.0
2018-10-01 00:14:47.555000+00:00,26603.0,12.0
2018-10-01 00:14:59.133000+00:00,26602.0,12.0
2018-10-01 00:14:59.484000+00:00,26603.0,12.0
2018-10-01 00:15:00.186000+00:00,26602.0,12.0
2018-10-01 00:15:01.240000+00:00,26603.0,12.0
2018-10-01 00:15:19.125000+00:00,26604.0,12.0
2018-10-01 00:15:23.334000+00:00,26603.0,12.0
2018-10-01 00:15:33.849000+00:00,26601.0,5.0
2018-10-01 00:15:34.200000+00:00,26602.0,12.0
2018-10-01 00:15:34.550000+00:00,26603.0,12.0
2018-10-01 00:15:36.304000+00:00,26601.0,12.0
2018-10-01 00:15:39.106000+00:00,26600.0,12.0
2018-10-01 00:15:40.158000+00:00,26601.0,12.0
2018-10-01 00:15:44.366000+00:00,26600.0,12.0
2018-10-01 00:16:01.200000+00:00,26601.0,12.0
2018-10-01 00:16:04.710000+00:00,26603.0,22.0
2018-10-01 00:16:05.061000+00:00,26602.0,10.0
2018-10-01 00:16:06.814000+00:00,26601.0,5.0
2018-10-01 00:16:26.089000+00:00,26602.0,5.0
2018-10-01 00:16:28.548000+00:00,26603.0,5.0
2018-10-01 00:16:29.249000+00:00,26602.0,5.0
2018-10-01 00:16:33.803000+00:00,26603.0,5.0
2018-10-01 00:16:40.464000+00:00,26602.0,10.0
2018-10-01 00:16:55.899000+00:00,26601.0,10.0
2018-10-01 00:17:00.804000+00:00,26602.0,10.0
2018-10-01 00:17:03.258000+00:00,26603.0,10.0
2018-10-01 00:17:07.116000+00:00,26602.0,5.0
2018-10-01 00:17:09.924000+00:00,26603.0,10.0
2018-10-01 00:17:13.427000+00:00,26602.0,5.0
2018-10-01 00:17:16.583000+00:00,26603.0,10.0
2018-10-01 00:17:20.088000+00:00,26604.0,12.0
2018-10-01 00:17:21.844000+00:00,26605.0,12.0
2018-10-01 00:17:22.895000+00:00,26604.0,12.0
2018-10-01 00:17:41.819000+00:00,26605.0,12.0
2018-10-01 00:17:48.125000+00:00,26604.0,5.0
2018-10-01 00:17:48.475000+00:00,26606.0,12.0
2018-10-01 00:17:49.176000+00:00,26605.0,12.0
2018-10-01 00:17:51.629000+00:00,26604.0,12.0
2018-10-01 00:17:57.938000+00:00,26605.0,12.0
2018-10-01 00:18:06.001000+00:00,26602.0,12.0
2018-10-01 00:18:09.508000+00:00,26603.0,12.0
2018-10-01 00:18:09.858000+00:00,26602.0,12.0
2018-10-01 00:18:17.567000+00:00,26603.0,12.0
2018-10-01 00:18:33.342000+00:00,26602.0,12.0
2018-10-01 00:18:43.154000+00:00,26601.0,12.0
2018-10-01 00:18:46.309000+00:00,26602.0,12.0
2018-10-01 00:18:51.615000+00:00,26603.0,12.0
2018-10-01 00:18:51.966000+00:00,26601.0,12.0
2018-10-01 00:18:59.324000+00:00,26600.0,12.0
2018-10-01 00:19:00.375000+00:00,26601.0,12.0
2018-10-01 00:19:08.786000+00:00,26600.0,12.0
2018-10-01 00:19:09.838000+00:00,26601.0,10.0
2018-10-01 00:19:22.465000+00:00,26602.0,10.0
2018-10-01 00:19:23.517000+00:00,26601.0,10.0
2018-10-01 00:19:24.568000+00:00,26600.0,10.0
2018-10-01 00:19:25.273000+00:00,26601.0,10.0
2018-10-01 00:19:25.975000+00:00,26600.0,10.0
2018-10-01 00:19:27.026000+00:00,26601.0,10.0
2018-10-01 00:19:29.480000+00:00,26600.0,10.0
2018-10-01 00:19:52.261000+00:00,26599.0,10.0
2018-10-01 00:19:54.365000+00:00,26600.0,10.0
2018-10-01 00:20:08.742000+00:00,26602.0,12.0
2018-10-01 00:20:09.093000+00:00,26601.0,5.0
2018-10-01 00:20:09.793000+00:00,26600.0,5.0
2018-10-01 00:20:11.547000+00:00,26599.0,5.0
2018-10-01 00:20:12.248000+00:00,26600.0,22.0
2018-10-01 00:20:12.599000+00:00,26599.0,10.0
2018-10-01 00:20:28.725000+00:00,26598.0,10.0
2018-10-01 00:20:35.385000+00:00,26599.0,10.0
2018-10-01 00:20:50.104000+00:00,26601.0,22.0
2018-10-01 00:20:50.454000+00:00,26600.0,10.0
2018-10-01 00:20:55.011000+00:00,26599.0,10.0
2018-10-01 00:21:15.685000+00:00,26600.0,10.0
2018-10-01 00:21:20.240000+00:00,26601.0,10.0
2018-10-01 00:21:30.052000+00:00,26600.0,10.0
2018-10-01 00:21:48.979000+00:00,26601.0,10.0
2018-10-01 00:21:50.732000+00:00,26602.0,10.0
2018-10-01 00:21:53.537000+00:00,26601.0,10.0
2018-10-01 00:21:58.443000+00:00,26602.0,10.0
2018-10-01 00:21:58.793000+00:00,26601.0,10.0
2018-10-01 00:22:00.898000+00:00,26602.0,10.0
2018-10-01 00:22:12.468000+00:00,26601.0,10.0
2018-10-01 00:22:28.942000+00:00,26602.0,10.0
2018-10-01 00:22:36.299000+00:00,26604.0,22.0
2018-10-01 00:22:36.649000+00:00,26603.0,10.0
2018-10-01 00:22:40.503000+00:00,26604.0,12.0
2018-10-01 00:22:45.759000+00:00,26603.0,10.0
2018-10-01 00:22:46.110000+00:00,26602.0,10.0
2018-10-01 00:22:47.512000+00:00,26603.0,10.0
2018-10-01 00:22:49.614000+00:00,26602.0,10.0
2018-10-01 00:22:50.315000+00:00,26603.0,10.0
2018-10-01 00:22:53.122000+00:00,26602.0,10.0
2018-10-01 00:22:55.925000+00:00,26604.0,22.0
2018-10-01 00:22:56.279000+00:00,26603.0,10.0
2018-10-01 00:22:58.030000+00:00,26602.0,5.0
2018-10-01 00:23:00.487000+00:00,26603.0,10.0
2018-10-01 00:23:00.837000+00:00,26602.0,10.0
2018-10-01 00:23:01.188000+00:00,26603.0,5.0
2018-10-01 00:23:25.729000+00:00,26602.0,5.0
2018-10-01 00:23:28.533000+00:00,26603.0,10.0
2018-10-01 00:23:30.287000+00:00,26602.0,5.0
2018-10-01 00:23:30.637000+00:00,26603.0,10.0
2018-10-01 00:24:00.449000+00:00,26604.0,10.0
2018-10-01 00:24:00.800000+00:00,26603.0,5.0
2018-10-01 00:24:01.150000+00:00,26604.0,12.0
2018-10-01 00:24:10.615000+00:00,26605.0,12.0
2018-10-01 00:24:19.032000+00:00,26606.0,22.0
2018-10-01 00:24:19.382000+00:00,26605.0,10.0
2018-10-01 00:24:23.939000+00:00,26604.0,5.0
2018-10-01 00:24:27.445000+00:00,26605.0,10.0
2018-10-01 00:24:49.872000+00:00,26606.0,12.0
2018-10-01 00:24:50.573000+00:00,26607.0,12.0
2018-10-01 00:24:53.377000+00:00,26606.0,12.0
2018-10-01 00:24:54.078000+00:00,26607.0,12.0
2018-10-01 00:24:58.634000+00:00,26606.0,12.0
2018-10-01 00:25:09.508000+00:00,26605.0,12.0
2018-10-01 00:25:09.861000+00:00,26604.0,12.0
2018-10-01 00:25:14.773000+00:00,26603.0,12.0
2018-10-01 00:25:17.924000+00:00,26604.0,12.0
2018-10-01 00:25:20.731000+00:00,26605.0,12.0
2018-10-01 00:25:23.183000+00:00,26604.0,12.0
2018-10-01 00:25:29.842000+00:00,26603.0,12.0
2018-10-01 00:25:35.585000+00:00,26602.0,12.0
2018-10-01 00:25:39.088000+00:00,26603.0,12.0
2018-10-01 00:25:42.244000+00:00,26602.0,12.0
2018-10-01 00:25:49.958000+00:00,26603.0,12.0
2018-10-01 00:25:55.216000+00:00,26602.0,12.0
2018-10-01 00:25:56.268000+00:00,26603.0,12.0
2018-10-01 00:26:06.082000+00:00,26602.0,12.0
2018-10-01 00:26:13.092000+00:00,26603.0,12.0
2018-10-01 00:26:14.848000+00:00,26602.0,12.0
2018-10-01 00:26:17.301000+00:00,26603.0,12.0
2018-10-01 00:26:19.758000+00:00,26602.0,12.0
2018-10-01 00:26:20.459000+00:00,26603.0,12.0
2018-10-01 00:26:28.522000+00:00,26604.0,12.0
2018-10-01 00:26:28.873000+00:00,26603.0,12.0
2018-10-01 00:26:32.377000+00:00,26604.0,12.0
2018-10-01 00:26:32.729000+00:00,26603.0,12.0
2018-10-01 00:26:46.747000+00:00,26604.0,12.0
2018-10-01 00:26:50.602000+00:00,26605.0,12.0
2018-10-01 00:26:54.459000+00:00,26604.0,12.0
2018-10-01 00:27:05.322000+00:00,26605.0,12.0
2018-10-01 00:27:06.723000+00:00,26604.0,12.0
2018-10-01 00:27:07.424000+00:00,26605.0,12.0
2018-10-01 00:27:10.926000+00:00,26604.0,5.0
2018-10-01 00:27:20.477000+00:00,26605.0,5.0
2018-10-01 00:27:32.062000+00:00,26604.0,12.0
2018-10-01 00:27:32.412000+00:00,26603.0,12.0
2018-10-01 00:27:34.165000+00:00,26604.0,12.0
2018-10-01 00:27:34.517000+00:00,26603.0,12.0
2018-10-01 00:27:36.268000+00:00,26604.0,12.0
2018-10-01 00:27:51.765000+00:00,26603.0,12.0
2018-10-01 00:28:09.172000+00:00,26602.0,12.0
2018-10-01 00:28:09.523000+00:00,26601.0,12.0
2018-10-01 00:28:13.400000+00:00,26602.0,12.0
2018-10-01 00:28:16.554000+00:00,26601.0,12.0
2018-10-01 00:28:20.409000+00:00,26602.0,12.0
2018-10-01 00:28:29.166000+00:00,26601.0,12.0
2018-10-01 00:28:45.640000+00:00,26600.0,12.0
2018-10-01 00:28:45.992000+00:00,26601.0,12.0
2018-10-01 00:28:47.744000+00:00,26598.0,5.0
2018-10-01 00:28:48.446000+00:00,26600.0,5.0
2018-10-01 00:28:49.147000+00:00,26599.0,5.0
2018-10-01 00:28:50.197000+00:00,26600.0,10.0
2018-10-01 00:29:24.895000+00:00,26601.0,10.0
2018-10-01 00:29:28.750000+00:00,26600.0,10.0
2018-10-01 00:29:34.356000+00:00,26601.0,12.0
2018-10-01 00:29:58.883000+00:00,26600.0,12.0
2018-10-01 00:29:59.235000+00:00,26599.0,12.0
2018-10-01 00:30:02.395000+00:00,26600.0,12.0
2018-10-01 00:30:06.602000+00:00,26599.0,12.0
2018-10-01 00:30:17.469000+00:00,26600.0,12.0
2018-10-01 00:30:17.820000+00:00,26599.0,12.0
2018-10-01 00:30:20.973000+00:00,26600.0,12.0
2018-10-01 00:30:28.332000+00:00,26601.0,12.0
2018-10-01 00:30:31.137000+00:00,26602.0,12.0
2018-10-01 00:30:41.655000+00:00,26603.0,12.0
2018-10-01 00:30:42.005000+00:00,26602.0,12.0
2018-10-01 00:30:43.410000+00:00,26601.0,12.0
2018-10-01 00:30:45.514000+00:00,26602.0,12.0
2018-10-01 00:30:53.224000+00:00,26601.0,12.0
2018-10-01 00:30:53.926000+00:00,26600.0,12.0
2018-10-01 00:30:54.276000+00:00,26599.0,12.0
2018-10-01 00:30:58.830000+00:00,26600.0,12.0
2018-10-01 00:30:59.180000+00:00,26599.0,12.0
2018-10-01 00:30:59.885000+00:00,26600.0,12.0
2018-10-01 00:31:06.192000+00:00,26601.0,12.0
2018-10-01 00:31:10.046000+00:00,26602.0,12.0
2018-10-01 00:31:11.802000+00:00,26601.0,10.0
2018-10-01 00:31:28.622000+00:00,26600.0,5.0
2018-10-01 00:31:28.972000+00:00,26601.0,10.0
2018-10-01 00:31:37.388000+00:00,26600.0,10.0
2018-10-01 00:31:42.997000+00:00,26599.0,5.0
2018-10-01 00:31:46.152000+00:00,26600.0,10.0
2018-10-01 00:31:54.213000+00:00,26601.0,10.0
2018-10-01 00:32:00.174000+00:00,26600.0,5.0
2018-10-01 00:32:02.982000+00:00,26601.0,10.0
2018-10-01 00:32:05.434000+00:00,26600.0,10.0
2018-10-01 00:32:06.837000+00:00,26601.0,10.0
2018-10-01 00:32:11.746000+00:00,26600.0,10.0
2018-10-01 00:32:19.461000+00:00,26601.0,10.0
2018-10-01 00:32:20.163000+00:00,26600.0,5.0
2018-10-01 00:32:27.873000+00:00,26602.0,22.0
2018-10-01 00:32:28.224000+00:00,26601.0,10.0
2018-10-01 00:32:29.626000+00:00,26600.0,10.0
2018-10-01 00:32:39.089000+00:00,26601.0,10.0
2018-10-01 00:32:46.801000+00:00,26600.0,10.0
2018-10-01 00:32:49.955000+00:00,26601.0,10.0
2018-10-01 00:32:51.008000+00:00,26602.0,12.0
2018-10-01 00:33:12.389000+00:00,26601.0,12.0
2018-10-01 00:33:21.152000+00:00,26602.0,12.0
2018-10-01 00:33:40.776000+00:00,26601.0,12.0
2018-10-01 00:33:51.291000+00:00,26602.0,12.0
2018-10-01 00:33:54.445000+00:00,26601.0,12.0
2018-10-01 00:34:08.814000+00:00,26603.0,22.0
2018-10-01 00:34:09.164000+00:00,26602.0,10.0
2018-10-01 00:34:09.514000+00:00,26601.0,5.0
2018-10-01 00:34:21.079000+00:00,26603.0,22.0
2018-10-01 00:34:21.430000+00:00,26602.0,10.0
2018-10-01 00:34:23.183000+00:00,26601.0,10.0
2018-10-01 00:34:28.438000+00:00,26602.0,10.0
2018-10-01 00:34:31.241000+00:00,26601.0,10.0
2018-10-01 00:34:31.591000+00:00,26602.0,12.0
2018-10-01 00:34:35.447000+00:00,26601.0,12.0
2018-10-01 00:34:42.104000+00:00,26602.0,12.0
2018-10-01 00:34:51.215000+00:00,26601.0,12.0
2018-10-01 00:34:54.017000+00:00,26602.0,12.0
2018-10-01 00:34:56.819000+00:00,26601.0,12.0
2018-10-01 00:35:02.777000+00:00,26602.0,12.0
2018-10-01 00:35:04.531000+00:00,26601.0,12.0
2018-10-01 00:35:13.295000+00:00,26602.0,12.0
2018-10-01 00:35:30.832000+00:00,26601.0,12.0
2018-10-01 00:35:31.534000+00:00,26602.0,12.0
2018-10-01 00:35:31.886000+00:00,26601.0,12.0
2018-10-01 00:35:32.939000+00:00,26602.0,12.0
2018-10-01 00:35:39.951000+00:00,26603.0,12.0
2018-10-01 00:35:46.608000+00:00,26602.0,10.0
2018-10-01 00:35:50.814000+00:00,26601.0,5.0
2018-10-01 00:35:51.163000+00:00,26602.0,10.0
2018-10-01 00:36:18.142000+00:00,26604.0,22.0
2018-10-01 00:36:18.492000+00:00,26603.0,10.0
2018-10-01 00:36:21.296000+00:00,26604.0,10.0
2018-10-01 00:36:21.646000+00:00,26603.0,5.0
2018-10-01 00:36:43.022000+00:00,26604.0,12.0
2018-10-01 00:36:43.373000+00:00,26603.0,10.0
2018-10-01 00:36:47.578000+00:00,26605.0,22.0
2018-10-01 00:36:47.928000+00:00,26604.0,10.0
2018-10-01 00:36:48.979000+00:00,26603.0,5.0
2018-10-01 00:36:51.433000+00:00,26604.0,5.0
2018-10-01 00:37:01.242000+00:00,26603.0,5.0
2018-10-01 00:37:05.797000+00:00,26604.0,5.0
2018-10-01 00:37:13.508000+00:00,26603.0,5.0
2018-10-01 00:37:21.404000+00:00,26604.0,10.0
2018-10-01 00:37:29.110000+00:00,26603.0,5.0
2018-10-01 00:37:43.472000+00:00,26605.0,22.0
2018-10-01 00:37:43.822000+00:00,26604.0,10.0
2018-10-01 00:38:16.242000+00:00,26603.0,10.0
2018-10-01 00:38:17.643000+00:00,26604.0,10.0
2018-10-01 00:38:26.402000+00:00,26603.0,10.0
2018-10-01 00:38:42.172000+00:00,26604.0,10.0
2018-10-01 00:38:44.275000+00:00,26603.0,10.0
2018-10-01 00:38:51.317000+00:00,26604.0,22.0
2018-10-01 00:39:11.989000+00:00,26603.0,22.0
2018-10-01 00:39:18.996000+00:00,26605.0,22.0
2018-10-01 00:39:19.347000+00:00,26604.0,10.0
2018-10-01 00:39:30.211000+00:00,26603.0,10.0
2018-10-01 00:39:30.564000+00:00,26604.0,10.0
2018-10-01 00:39:42.476000+00:00,26603.0,10.0
2018-10-01 00:40:08.411000+00:00,26604.0,10.0
2018-10-01 00:40:24.188000+00:00,26606.0,10.0
2018-10-01 00:40:24.539000+00:00,26605.0,5.0
2018-10-01 00:40:30.848000+00:00,26606.0,10.0
2018-10-01 00:40:51.521000+00:00,26607.0,10.0
2018-10-01 00:40:53.973000+00:00,26606.0,10.0
2018-10-01 00:41:01.334000+00:00,26605.0,10.0
2018-10-01 00:41:06.595000+00:00,26606.0,12.0
2018-10-01 00:41:06.947000+00:00,26604.0,10.0
2018-10-01 00:41:12.557000+00:00,26605.0,10.0
2018-10-01 00:41:15.361000+00:00,26604.0,5.0
2018-10-01 00:41:20.265000+00:00,26605.0,10.0
2018-10-01 00:41:26.922000+00:00,26604.0,5.0
2018-10-01 00:41:27.622000+00:00,26605.0,10.0
2018-10-01 00:41:30.075000+00:00,26604.0,10.0
2018-10-01 00:41:30.776000+00:00,26606.0,22.0
2018-10-01 00:41:31.126000+00:00,26604.0,10.0
2018-10-01 00:41:31.479000+00:00,26605.0,12.0
2018-10-01 00:41:34.285000+00:00,26604.0,12.0
2018-10-01 00:41:42.695000+00:00,26605.0,12.0
2018-10-01 00:41:44.099000+00:00,26604.0,12.0
2018-10-01 00:41:48.304000+00:00,26605.0,12.0
2018-10-01 00:42:07.587000+00:00,26604.0,12.0
2018-10-01 00:42:10.044000+00:00,26605.0,12.0
2018-10-01 00:42:12.847000+00:00,26604.0,12.0
2018-10-01 00:42:22.307000+00:00,26603.0,12.0
2018-10-01 00:42:42.638000+00:00,26604.0,12.0
2018-10-01 00:42:42.989000+00:00,26603.0,12.0
2018-10-01 00:43:06.817000+00:00,26602.0,12.0
2018-10-01 00:43:48.171000+00:00,26603.0,12.0
2018-10-01 00:44:35.536000+00:00,26604.0,10.0
2018-10-01 00:44:35.887000+00:00,26603.0,5.0
2018-10-01 00:44:40.170000+00:00,26604.0,10.0
2018-10-01 00:44:45.424000+00:00,26603.0,10.0
2018-10-01 00:44:48.227000+00:00,26604.0,12.0
2018-10-01 00:44:53.834000+00:00,26605.0,12.0
2018-10-01 00:45:00.494000+00:00,26604.0,12.0
2018-10-01 00:45:23.970000+00:00,26603.0,12.0
2018-10-01 00:45:29.226000+00:00,26604.0,12.0
2018-10-01 00:45:33.084000+00:00,26603.0,10.0
2018-10-01 00:45:40.788000+00:00,26605.0,22.0
2018-10-01 00:45:41.139000+00:00,26604.0,22.0
2018-10-01 00:45:41.489000+00:00,26603.0,10.0
2018-10-01 00:45:47.098000+00:00,26604.0,12.0
2018-10-01 00:45:50.251000+00:00,26605.0,12.0
2018-10-01 00:45:50.602000+00:00,26604.0,10.0
2018-10-01 00:45:51.304000+00:00,26603.0,10.0
2018-10-01 00:46:04.619000+00:00,26604.0,10.0
2018-10-01 00:46:24.950000+00:00,26606.0,22.0
2018-10-01 00:46:25.300000+00:00,26605.0,10.0
2018-10-01 00:46:27.403000+00:00,26606.0,12.0
2018-10-01 00:46:27.754000+00:00,26605.0,10.0
2018-10-01 00:46:32.659000+00:00,26606.0,10.0
2018-10-01 00:46:37.915000+00:00,26605.0,5.0
2018-10-01 00:46:41.770000+00:00,26606.0,10.0
2018-10-01 00:47:09.805000+00:00,26607.0,10.0
2018-10-01 00:47:10.506000+00:00,26606.0,10.0
2018-10-01 00:47:12.259000+00:00,26608.0,10.0
2018-10-01 00:47:12.609000+00:00,26607.0,10.0
2018-10-01 00:47:14.361000+00:00,26608.0,10.0
2018-10-01 00:47:21.724000+00:00,26610.0,22.0
2018-10-01 00:47:22.074000+00:00,26609.0,10.0
2018-10-01 00:47:22.424000+00:00,26610.0,12.0
2018-10-01 00:47:30.134000+00:00,26611.0,12.0
2018-10-01 00:47:37.493000+00:00,26612.0,12.0
2018-10-01 00:47:40.295000+00:00,26613.0,12.0
2018-10-01 00:47:40.996000+00:00,26612.0,12.0
2018-10-01 00:47:43.449000+00:00,26613.0,12.0
2018-10-01 00:47:43.799000+00:00,26612.0,12.0
2018-10-01 00:47:44.149000+00:00,26613.0,12.0
2018-10-01 00:47:48.355000+00:00,26614.0,12.0
2018-10-01 00:47:51.161000+00:00,26613.0,12.0
2018-10-01 00:48:00.975000+00:00,26614.0,12.0
2018-10-01 00:48:11.137000+00:00,26610.0,12.0
2018-10-01 00:48:11.839000+00:00,26611.0,12.0
2018-10-01 00:48:12.890000+00:00,26610.0,12.0
2018-10-01 00:48:14.992000+00:00,26611.0,12.0
2018-10-01 00:48:21.656000+00:00,26610.0,12.0
2018-10-01 00:48:22.706000+00:00,26611.0,12.0
2018-10-01 00:48:37.426000+00:00,26612.0,12.0
2018-10-01 00:48:37.776000+00:00,26610.0,10.0
2018-10-01 00:48:38.127000+00:00,26609.0,10.0
2018-10-01 00:48:48.288000+00:00,26608.0,5.0
2018-10-01 00:48:48.638000+00:00,26610.0,22.0
2018-10-01 00:48:48.988000+00:00,26609.0,10.0
2018-10-01 00:48:50.742000+00:00,26610.0,10.0
2018-10-01 00:49:07.209000+00:00,26609.0,5.0
2018-10-01 00:49:07.909000+00:00,26610.0,10.0
2018-10-01 00:49:20.920000+00:00,26609.0,10.0
2018-10-01 00:49:22.672000+00:00,26608.0,10.0
2018-10-01 00:49:23.022000+00:00,26609.0,10.0
2018-10-01 00:49:23.723000+00:00,26608.0,10.0
2018-10-01 00:49:25.478000+00:00,26609.0,10.0
2018-10-01 00:49:25.828000+00:00,26608.0,10.0
2018-10-01 00:49:27.582000+00:00,26607.0,5.0
2018-10-01 00:49:27.933000+00:00,26608.0,12.0
2018-10-01 00:49:39.848000+00:00,26609.0,12.0
2018-10-01 00:49:42.651000+00:00,26610.0,12.0
2018-10-01 00:49:47.556000+00:00,26609.0,5.0
2018-10-01 00:49:47.907000+00:00,26610.0,10.0
2018-10-01 00:50:00.522000+00:00,26611.0,10.0
2018-10-01 00:50:01.928000+00:00,26610.0,10.0
2018-10-01 00:50:04.734000+00:00,26612.0,12.0
2018-10-01 00:50:05.086000+00:00,26611.0,10.0
2018-10-01 00:50:06.138000+00:00,26610.0,5.0
2018-10-01 00:50:08.241000+00:00,26611.0,12.0
2018-10-01 00:50:16.301000+00:00,26610.0,12.0
2018-10-01 00:50:19.805000+00:00,26611.0,12.0
2018-10-01 00:50:22.608000+00:00,26610.0,12.0
2018-10-01 00:50:24.710000+00:00,26611.0,12.0
2018-10-01 00:50:26.112000+00:00,26610.0,12.0
2018-10-01 00:50:33.470000+00:00,26611.0,12.0
2018-10-01 00:50:40.829000+00:00,26610.0,12.0
2018-10-01 00:50:43.633000+00:00,26609.0,10.0
2018-10-01 00:51:00.105000+00:00,26610.0,10.0
2018-10-01 00:51:15.878000+00:00,26609.0,5.0
2018-10-01 00:51:23.586000+00:00,26610.0,10.0
2018-10-01 00:51:23.936000+00:00,26609.0,5.0
2018-10-01 00:51:33.045000+00:00,26610.0,5.0
2018-10-01 00:51:48.460000+00:00,26609.0,5.0
2018-10-01 00:52:00.368000+00:00,26611.0,22.0
2018-10-01 00:52:00.719000+00:00,26610.0,10.0
2018-10-01 00:52:02.822000+00:00,26608.0,5.0
2018-10-01 00:52:06.674000+00:00,26609.0,10.0
2018-10-01 00:52:20.689000+00:00,26608.0,5.0
2018-10-01 00:52:50.482000+00:00,26609.0,5.0
2018-10-01 00:52:53.285000+00:00,26608.0,5.0
2018-10-01 00:52:53.636000+00:00,26609.0,5.0
2018-10-01 00:52:58.542000+00:00,26608.0,5.0
2018-10-01 00:53:03.450000+00:00,26609.0,10.0
2018-10-01 00:53:10.807000+00:00,26610.0,17.0
2018-10-01 00:53:11.156000+00:00,26609.0,5.0
2018-10-01 00:53:11.507000+00:00,26610.0,10.0
2018-10-01 00:53:17.688000+00:00,26611.0,12.0
2018-10-01 00:54:01.884000+00:00,26610.0,10.0
2018-10-01 00:54:03.285000+00:00,26609.0,10.0
2018-10-01 00:54:18.384000+00:00,26610.0,12.0
2018-10-01 00:54:22.942000+00:00,26609.0,5.0
2018-10-01 00:54:25.743000+00:00,26610.0,10.0
2018-10-01 00:54:30.650000+00:00,26609.0,5.0
2018-10-01 00:54:34.508000+00:00,26610.0,5.0
2018-10-01 00:54:46.083000+00:00,26611.0,5.0
2018-10-01 00:54:52.409000+00:00,26612.0,5.0
2018-10-01 00:54:53.111000+00:00,26611.0,5.0
2018-10-01 00:54:54.868000+00:00,26612.0,5.0
2018-10-01 00:54:55.220000+00:00,26611.0,5.0
2018-10-01 00:54:56.275000+00:00,26610.0,5.0
2018-10-01 00:54:56.627000+00:00,26609.0,5.0
2018-10-01 00:54:56.979000+00:00,26608.0,5.0
2018-10-01 00:54:58.033000+00:00,26607.0,5.0
2018-10-01 00:54:59.791000+00:00,26608.0,10.0
2018-10-01 00:55:00.850000+00:00,26607.0,10.0
2018-10-01 00:55:04.365000+00:00,26609.0,22.0
2018-10-01 00:55:04.715000+00:00,26608.0,10.0
2018-10-01 00:55:07.877000+00:00,26609.0,12.0
2018-10-01 00:55:08.227000+00:00,26608.0,12.0
2018-10-01 00:55:13.852000+00:00,26609.0,12.0
2018-10-01 00:55:15.607000+00:00,26610.0,22.0
2018-10-01 00:55:15.960000+00:00,26609.0,10.0
2018-10-01 00:55:17.366000+00:00,26610.0,10.0
2018-10-01 00:55:48.950000+00:00,26611.0,10.0
2018-10-01 00:55:49.302000+00:00,26610.0,10.0
2018-10-01 00:55:50.353000+00:00,26611.0,10.0
2018-10-01 00:55:52.808000+00:00,26610.0,10.0
2018-10-01 00:55:55.614000+00:00,26611.0,10.0
2018-10-01 00:56:05.086000+00:00,26612.0,10.0
2018-10-01 00:56:21.566000+00:00,26611.0,10.0
2018-10-01 00:56:39.796000+00:00,26610.0,5.0
2018-10-01 00:56:40.499000+00:00,26611.0,10.0
2018-10-01 00:56:44.704000+00:00,26610.0,10.0
2018-10-01 00:56:51.364000+00:00,26609.0,10.0
2018-10-01 00:56:55.573000+00:00,26610.0,10.0
2018-10-01 00:58:36.520000+00:00,26611.0,10.0
2018-10-01 00:59:07.366000+00:00,26613.0,22.0
2018-10-01 00:59:07.719000+00:00,26612.0,10.0
2018-10-01 00:59:17.887000+00:00,26614.0,22.0
2018-10-01 00:59:18.237000+00:00,26613.0,10.0
2018-10-01 00:59:18.938000+00:00,26612.0,10.0
2018-10-01 00:59:19.989000+00:00,26613.0,10.0
2018-10-01 00:59:34.712000+00:00,26612.0,5.0
2018-10-01 00:59:42.777000+00:00,26613.0,10.0
2018-10-01 00:59:50.142000+00:00,26612.0,10.0
2018-10-01 01:00:08.373000+00:00,26613.0,10.0
2018-10-01 01:00:11.531000+00:00,26612.0,10.0
2018-10-01 01:00:13.635000+00:00,26613.0,10.0
2018-10-01 01:00:39.576000+00:00,26614.0,10.0
2018-10-01 01:00:40.627000+00:00,26613.0,10.0
2018-10-01 01:01:10.435000+00:00,26614.0,12.0
2018-10-01 01:01:46.191000+00:00,26615.0,12.0
2018-10-01 01:01:49.698000+00:00,26614.0,12.0
2018-10-01 01:01:50.048000+00:00,26615.0,12.0
2018-10-01 01:01:51.101000+00:00,26614.0,12.0
2018-10-01 01:02:03.723000+00:00,26613.0,12.0
2018-10-01 01:02:17.048000+00:00,26612.0,12.0
2018-10-01 01:02:26.170000+00:00,26614.0,10.0
2018-10-01 01:02:26.520000+00:00,26616.0,17.0
2018-10-01 01:02:26.871000+00:00,26615.0,22.0
2018-10-01 01:02:27.222000+00:00,26614.0,10.0
2018-10-01 01:02:29.676000+00:00,26615.0,10.0
2018-10-01 01:02:33.532000+00:00,26614.0,10.0
2018-10-01 01:02:35.635000+00:00,26615.0,10.0
2018-10-01 01:02:44.055000+00:00,26614.0,10.0
2018-10-01 01:02:44.407000+00:00,26616.0,22.0
2018-10-01 01:02:44.757000+00:00,26615.0,10.0
2018-10-01 01:02:46.162000+00:00,26614.0,5.0
2018-10-01 01:02:46.864000+00:00,26615.0,17.0
2018-10-01 01:02:47.215000+00:00,26614.0,5.0
2018-10-01 01:02:48.968000+00:00,26615.0,10.0
2018-10-01 01:02:50.369000+00:00,26614.0,10.0
2018-10-01 01:02:50.720000+00:00,26615.0,10.0
2018-10-01 01:02:52.472000+00:00,26614.0,10.0
2018-10-01 01:03:06.496000+00:00,26613.0,10.0
2018-10-01 01:03:15.960000+00:00,26615.0,22.0
2018-10-01 01:03:16.310000+00:00,26614.0,10.0
2018-10-01 01:03:40.844000+00:00,26613.0,5.0
2018-10-01 01:03:42.598000+00:00,26614.0,5.0
2018-10-01 01:03:53.118000+00:00,26613.0,5.0
2018-10-01 01:03:55.223000+00:00,26612.0,10.0
2018-10-01 01:03:59.081000+00:00,26613.0,10.0
2018-10-01 01:04:00.486000+00:00,26612.0,5.0
2018-10-01 01:04:03.642000+00:00,26611.0,10.0
2018-10-01 01:04:05.749000+00:00,26610.0,10.0
2018-10-01 01:04:06.101000+00:00,26611.0,10.0
2018-10-01 01:04:30.293000+00:00,26612.0,10.0
2018-10-01 01:04:31.347000+00:00,26613.0,12.0
2018-10-01 01:04:31.697000+00:00,26612.0,10.0
2018-10-01 01:04:53.775000+00:00,26611.0,10.0
2018-10-01 01:04:57.278000+00:00,26612.0,10.0
2018-10-01 01:05:06.743000+00:00,26615.0,12.0
2018-10-01 01:05:08.145000+00:00,26614.0,12.0
2018-10-01 01:05:08.497000+00:00,26613.0,12.0
2018-10-01 01:05:13.052000+00:00,26612.0,5.0
2018-10-01 01:05:13.753000+00:00,26613.0,10.0
2018-10-01 01:05:17.256000+00:00,26612.0,5.0
2018-10-01 01:05:20.411000+00:00,26613.0,10.0
2018-10-01 01:05:30.930000+00:00,26614.0,10.0
2018-10-01 01:05:32.335000+00:00,26615.0,10.0
2018-10-01 01:05:41.104000+00:00,26614.0,10.0
2018-10-01 01:05:41.805000+00:00,26615.0,10.0
2018-10-01 01:06:23.178000+00:00,26614.0,10.0
2018-10-01 01:06:38.252000+00:00,26613.0,10.0
2018-10-01 01:07:17.870000+00:00,26612.0,10.0
2018-10-01 01:07:22.784000+00:00,26613.0,12.0
2018-10-01 01:07:23.134000+00:00,26614.0,12.0
2018-10-01 01:07:23.485000+00:00,26615.0,12.0
2018-10-01 01:07:25.239000+00:00,26614.0,12.0
2018-10-01 01:07:41.021000+00:00,26615.0,12.0
2018-10-01 01:07:43.475000+00:00,26614.0,12.0
2018-10-01 01:07:44.528000+00:00,26615.0,12.0
2018-10-01 01:07:49.086000+00:00,26614.0,12.0
2018-10-01 01:07:50.139000+00:00,26615.0,12.0
2018-10-01 01:08:14.330000+00:00,26614.0,5.0
2018-10-01 01:08:38.857000+00:00,26615.0,5.0
2018-10-01 01:08:41.311000+00:00,26614.0,5.0
2018-10-01 01:09:03.390000+00:00,26613.0,5.0
2018-10-01 01:09:06.551000+00:00,26614.0,5.0
2018-10-01 01:09:10.056000+00:00,26613.0,5.0
2018-10-01 01:09:13.561000+00:00,26614.0,5.0
2018-10-01 01:09:25.128000+00:00,26613.0,10.0
2018-10-01 01:09:33.893000+00:00,26614.0,10.0
2018-10-01 01:09:51.082000+00:00,26615.0,10.0
2018-10-01 01:09:55.993000+00:00,26614.0,10.0
2018-10-01 01:10:04.410000+00:00,26615.0,10.0
2018-10-01 01:10:18.791000+00:00,26614.0,10.0
2018-10-01 01:10:32.821000+00:00,26615.0,10.0
2018-10-01 01:10:53.157000+00:00,26614.0,5.0
2018-10-01 01:11:18.059000+00:00,26615.0,5.0
2018-10-01 01:11:19.464000+00:00,26614.0,5.0
2018-10-01 01:12:11.002000+00:00,26615.0,5.0
2018-10-01 01:12:12.054000+00:00,26614.0,5.0
2018-10-01 01:12:23.267000+00:00,26613.0,5.0
2018-10-01 01:12:27.471000+00:00,26614.0,5.0
2018-10-01 01:12:32.379000+00:00,26613.0,10.0
2018-10-01 01:12:38.690000+00:00,26612.0,10.0
2018-10-01 01:12:56.211000+00:00,26613.0,10.0
2018-10-01 01:12:59.014000+00:00,26612.0,10.0
2018-10-01 01:13:02.171000+00:00,26613.0,10.0
2018-10-01 01:13:33.026000+00:00,26614.0,10.0
2018-10-01 01:13:34.431000+00:00,26613.0,10.0
2018-10-01 01:13:35.836000+00:00,26614.0,10.0
2018-10-01 01:13:38.642000+00:00,26613.0,10.0
2018-10-01 01:13:43.205000+00:00,26612.0,10.0
2018-10-01 01:13:51.271000+00:00,26611.0,5.0
2018-10-01 01:13:56.182000+00:00,26612.0,5.0
2018-10-01 01:14:10.209000+00:00,26611.0,5.0
2018-10-01 01:14:11.610000+00:00,26612.0,5.0
2018-10-01 01:14:13.015000+00:00,26613.0,5.0
2018-10-01 01:14:14.769000+00:00,26614.0,5.0
2018-10-01 01:14:18.977000+00:00,26613.0,5.0
2018-10-01 01:14:24.585000+00:00,26612.0,5.0
2018-10-01 01:14:24.936000+00:00,26613.0,10.0
2018-10-01 01:14:29.492000+00:00,26612.0,10.0
2018-10-01 01:14:39.660000+00:00,26614.0,22.0
2018-10-01 01:14:40.011000+00:00,26612.0,10.0
2018-10-01 01:14:43.517000+00:00,26611.0,10.0
2018-10-01 01:14:50.532000+00:00,26612.0,12.0
2018-10-01 01:14:53.334000+00:00,26613.0,12.0
2018-10-01 01:15:02.805000+00:00,26614.0,12.0
2018-10-01 01:15:04.208000+00:00,26613.0,12.0
2018-10-01 01:15:04.557000+00:00,26614.0,12.0
2018-10-01 01:15:18.237000+00:00,26613.0,10.0
2018-10-01 01:15:23.148000+00:00,26614.0,12.0
2018-10-01 01:15:27.010000+00:00,26615.0,12.0
2018-10-01 01:15:33.670000+00:00,26616.0,10.0
2018-10-01 01:15:46.638000+00:00,26617.0,10.0
2018-10-01 01:15:57.511000+00:00,26619.0,22.0
2018-10-01 01:15:57.861000+00:00,26617.0,10.0
2018-10-01 01:16:01.019000+00:00,26618.0,12.0
2018-10-01 01:16:02.073000+00:00,26617.0,12.0
2018-10-01 01:16:04.879000+00:00,26616.0,12.0
2018-10-01 01:16:13.991000+00:00,26617.0,10.0
2018-10-01 01:16:15.744000+00:00,26616.0,5.0
2018-10-01 01:16:32.579000+00:00,26615.0,5.0
2018-10-01 01:16:43.099000+00:00,26616.0,5.0
2018-10-01 01:16:44.150000+00:00,26617.0,17.0
2018-10-01 01:16:44.501000+00:00,26616.0,10.0
2018-10-01 01:16:48.006000+00:00,26617.0,10.0
2018-10-01 01:16:49.408000+00:00,26616.0,10.0
2018-10-01 01:16:53.265000+00:00,26618.0,22.0
2018-10-01 01:16:53.617000+00:00,26617.0,10.0
2018-10-01 01:16:54.672000+00:00,26616.0,10.0
2018-10-01 01:17:06.241000+00:00,26618.0,22.0
2018-10-01 01:17:06.591000+00:00,26617.0,10.0
2018-10-01 01:17:24.834000+00:00,26616.0,10.0
2018-10-01 01:17:28.690000+00:00,26617.0,10.0
2018-10-01 01:17:30.446000+00:00,26616.0,10.0
2018-10-01 01:17:32.548000+00:00,26617.0,10.0
2018-10-01 01:17:33.249000+00:00,26616.0,5.0
2018-10-01 01:17:34.653000+00:00,26617.0,10.0
2018-10-01 01:17:39.210000+00:00,26616.0,5.0
2018-10-01 01:17:44.478000+00:00,26615.0,5.0
2018-10-01 01:17:44.829000+00:00,26614.0,5.0
2018-10-01 01:17:58.866000+00:00,26615.0,12.0
2018-10-01 01:18:05.880000+00:00,26614.0,12.0
2018-10-01 01:18:06.230000+00:00,26615.0,12.0
2018-10-01 01:18:10.087000+00:00,26614.0,5.0
2018-10-01 01:18:11.491000+00:00,26615.0,12.0
2018-10-01 01:18:12.540000+00:00,26614.0,10.0
2018-10-01 01:18:14.996000+00:00,26615.0,10.0
2018-10-01 01:18:15.346000+00:00,26614.0,10.0
2018-10-01 01:18:17.806000+00:00,26616.0,10.0
2018-10-01 01:18:18.506000+00:00,26615.0,10.0
2018-10-01 01:18:20.260000+00:00,26616.0,10.0
2018-10-01 01:18:24.116000+00:00,26615.0,10.0
2018-10-01 01:18:45.153000+00:00,26614.0,5.0
2018-10-01 01:18:48.315000+00:00,26615.0,10.0
2018-10-01 01:19:00.240000+00:00,26616.0,10.0
2018-10-01 01:19:14.274000+00:00,26615.0,12.0
2018-10-01 01:19:39.872000+00:00,26616.0,12.0
2018-10-01 01:19:42.680000+00:00,26615.0,12.0
2018-10-01 01:20:05.476000+00:00,26616.0,12.0
2018-10-01 01:20:32.832000+00:00,26615.0,10.0
2018-10-01 01:20:40.892000+00:00,26616.0,10.0
2018-10-01 01:20:58.424000+00:00,26615.0,10.0
2018-10-01 01:21:07.191000+00:00,26614.0,10.0
2018-10-01 01:21:13.151000+00:00,26615.0,10.0
2018-10-01 01:21:17.707000+00:00,26616.0,10.0
2018-10-01 01:21:22.966000+00:00,26614.0,10.0
2018-10-01 01:21:34.184000+00:00,26613.0,17.0
2018-10-01 01:21:34.535000+00:00,26612.0,10.0
2018-10-01 01:21:37.337000+00:00,26613.0,10.0
2018-10-01 01:21:38.739000+00:00,26612.0,10.0
2018-10-01 01:22:06.082000+00:00,26611.0,10.0
2018-10-01 01:22:14.498000+00:00,26613.0,22.0
2018-10-01 01:22:14.849000+00:00,26612.0,10.0
2018-10-01 01:22:17.651000+00:00,26611.0,5.0
2018-10-01 01:22:21.509000+00:00,26612.0,10.0
2018-10-01 01:22:22.560000+00:00,26611.0,10.0
2018-10-01 01:22:30.622000+00:00,26612.0,10.0
2018-10-01 01:22:44.640000+00:00,26611.0,12.0
2018-10-01 01:22:46.042000+00:00,26610.0,12.0
2018-10-01 01:22:50.250000+00:00,26609.0,12.0
2018-10-01 01:22:56.210000+00:00,26608.0,12.0
2018-10-01 01:22:57.962000+00:00,26609.0,12.0
2018-10-01 01:23:00.068000+00:00,26608.0,12.0
2018-10-01 01:23:01.823000+00:00,26607.0,12.0
2018-10-01 01:23:02.524000+00:00,26606.0,12.0
2018-10-01 01:23:04.977000+00:00,26605.0,12.0
2018-10-01 01:23:05.330000+00:00,26606.0,12.0
2018-10-01 01:23:11.637000+00:00,26607.0,12.0
2018-10-01 01:23:16.195000+00:00,26608.0,12.0
2018-10-01 01:23:26.052000+00:00,26607.0,22.0
2018-10-01 01:23:28.857000+00:00,26606.0,22.0
2018-10-01 01:23:31.312000+00:00,26607.0,22.0
2018-10-01 01:23:32.013000+00:00,26606.0,22.0
2018-10-01 01:23:34.115000+00:00,26607.0,22.0
2018-10-01 01:23:39.377000+00:00,26606.0,22.0
2018-10-01 01:23:40.429000+00:00,26607.0,22.0
2018-10-01 01:23:45.686000+00:00,26606.0,22.0
2018-10-01 01:24:00.759000+00:00,26607.0,22.0
2018-10-01 01:24:07.420000+00:00,26606.0,22.0
2018-10-01 01:24:19.687000+00:00,26607.0,22.0
2018-10-01 01:24:20.388000+00:00,26606.0,22.0
2018-10-01 01:24:20.739000+00:00,26607.0,22.0
2018-10-01 01:24:21.089000+00:00,26606.0,10.0
2018-10-01 01:24:34.752000+00:00,26605.0,10.0
2018-10-01 01:24:59.641000+00:00,26606.0,10.0
2018-10-01 01:25:09.815000+00:00,26605.0,10.0
2018-10-01 01:25:12.620000+00:00,26606.0,10.0
2018-10-01 01:25:22.786000+00:00,26605.0,5.0
2018-10-01 01:25:30.148000+00:00,26607.0,22.0
2018-10-01 01:25:30.501000+00:00,26606.0,10.0
2018-10-01 01:25:32.253000+00:00,26605.0,5.0
2018-10-01 01:25:32.954000+00:00,26606.0,5.0
2018-10-01 01:25:34.706000+00:00,26605.0,12.0
2018-10-01 01:25:35.057000+00:00,26606.0,12.0
2018-10-01 01:26:00.643000+00:00,26608.0,22.0
2018-10-01 01:26:01.697000+00:00,26607.0,12.0
2018-10-01 01:26:24.833000+00:00,26605.0,12.0
2018-10-01 01:26:28.337000+00:00,26604.0,12.0
2018-10-01 01:26:30.790000+00:00,26605.0,12.0
2018-10-01 01:26:41.658000+00:00,26604.0,12.0
2018-10-01 01:26:51.475000+00:00,26605.0,12.0
2018-10-01 01:26:58.133000+00:00,26606.0,12.0
2018-10-01 01:27:16.372000+00:00,26605.0,12.0
2018-10-01 01:27:17.774000+00:00,26604.0,12.0
2018-10-01 01:27:18.825000+00:00,26605.0,12.0
2018-10-01 01:27:19.176000+00:00,26604.0,12.0
2018-10-01 01:27:20.577000+00:00,26603.0,12.0
2018-10-01 01:27:20.930000+00:00,26604.0,12.0
2018-10-01 01:27:32.849000+00:00,26603.0,12.0
2018-10-01 01:27:38.457000+00:00,26604.0,12.0
2018-10-01 01:27:41.610000+00:00,26603.0,12.0
2018-10-01 01:27:42.663000+00:00,26604.0,12.0
2018-10-01 01:27:58.088000+00:00,26605.0,12.0
2018-10-01 01:28:00.543000+00:00,26604.0,12.0
2018-10-01 01:28:19.482000+00:00,26605.0,12.0
2018-10-01 01:28:25.096000+00:00,26604.0,12.0
2018-10-01 01:28:27.551000+00:00,26605.0,12.0
2018-10-01 01:28:42.294000+00:00,26606.0,12.0
2018-10-01 01:28:49.656000+00:00,26605.0,10.0
2018-10-01 01:28:50.708000+00:00,26607.0,22.0
2018-10-01 01:28:51.059000+00:00,26605.0,10.0
2018-10-01 01:28:51.760000+00:00,26606.0,10.0
2018-10-01 01:28:52.461000+00:00,26605.0,10.0
2018-10-01 01:29:02.628000+00:00,26606.0,10.0
2018-10-01 01:29:07.188000+00:00,26607.0,12.0
2018-10-01 01:29:14.903000+00:00,26606.0,12.0
2018-10-01 01:29:15.605000+00:00,26605.0,22.0
2018-10-01 01:29:19.462000+00:00,26604.0,10.0
2018-10-01 01:29:21.566000+00:00,26606.0,22.0
2018-10-01 01:29:21.917000+00:00,26605.0,10.0
2018-10-01 01:29:26.482000+00:00,26606.0,10.0
2018-10-01 01:29:36.299000+00:00,26605.0,10.0
2018-10-01 01:29:37.701000+00:00,26606.0,10.0
2018-10-01 01:29:42.959000+00:00,26605.0,10.0
2018-10-01 01:29:46.116000+00:00,26604.0,12.0
2018-10-01 01:29:49.274000+00:00,26605.0,12.0
2018-10-01 01:29:50.327000+00:00,26604.0,12.0
2018-10-01 01:29:54.534000+00:00,26605.0,12.0
2018-10-01 01:29:54.884000+00:00,26604.0,12.0
2018-10-01 01:29:55.585000+00:00,26605.0,12.0
2018-10-01 01:29:58.745000+00:00,26604.0,12.0
2018-10-01 01:30:00.149000+00:00,26605.0,12.0
2018-10-01 01:30:05.422000+00:00,26606.0,12.0
2018-10-01 01:30:09.980000+00:00,26605.0,12.0
2018-10-01 01:30:47.866000+00:00,26604.0,12.0
2018-10-01 01:30:52.773000+00:00,26603.0,12.0
2018-10-01 01:30:53.474000+00:00,26604.0,12.0
2018-10-01 01:30:54.176000+00:00,26603.0,12.0
2018-10-01 01:31:08.553000+00:00,26604.0,12.0
2018-10-01 01:31:19.071000+00:00,26603.0,12.0
2018-10-01 01:31:24.681000+00:00,26604.0,12.0
2018-10-01 01:31:33.798000+00:00,26603.0,12.0
2018-10-01 01:31:34.149000+00:00,26604.0,12.0
2018-10-01 01:31:48.868000+00:00,26605.0,12.0
2018-10-01 01:31:56.586000+00:00,26606.0,12.0
2018-10-01 01:31:56.937000+00:00,26605.0,10.0
2018-10-01 01:31:58.690000+00:00,26604.0,10.0
2018-10-01 01:31:59.741000+00:00,26605.0,10.0
2018-10-01 01:32:07.803000+00:00,26606.0,10.0
2018-10-01 01:32:13.410000+00:00,26605.0,10.0
2018-10-01 01:32:14.813000+00:00,26606.0,10.0
2018-10-01 01:32:26.029000+00:00,26605.0,10.0
2018-10-01 01:32:28.130000+00:00,26606.0,10.0
2018-10-01 01:32:29.536000+00:00,26605.0,5.0
2018-10-01 01:32:32.692000+00:00,26606.0,10.0
2018-10-01 01:32:34.446000+00:00,26605.0,10.0
2018-10-01 01:32:38.657000+00:00,26606.0,10.0
2018-10-01 01:32:49.537000+00:00,26607.0,10.0
2018-10-01 01:32:57.262000+00:00,26606.0,5.0
2018-10-01 01:33:00.426000+00:00,26607.0,5.0
2018-10-01 01:33:08.852000+00:00,26606.0,10.0
2018-10-01 01:33:10.258000+00:00,26607.0,10.0
2018-10-01 01:33:21.486000+00:00,26606.0,5.0
2018-10-01 01:33:28.850000+00:00,26607.0,12.0
2018-10-01 01:33:31.306000+00:00,26608.0,12.0
2018-10-01 01:34:32.321000+00:00,26607.0,12.0
2018-10-01 01:35:28.072000+00:00,26606.0,12.0
2018-10-01 01:35:34.032000+00:00,26607.0,12.0
2018-10-01 01:35:37.540000+00:00,26606.0,12.0
2018-10-01 01:35:39.995000+00:00,26607.0,12.0
2018-10-01 01:35:47.008000+00:00,26608.0,12.0
2018-10-01 01:35:48.410000+00:00,26607.0,12.0
2018-10-01 01:35:49.464000+00:00,26608.0,12.0
2018-10-01 01:35:51.917000+00:00,26607.0,12.0
2018-10-01 01:36:03.483000+00:00,26606.0,12.0
2018-10-01 01:36:19.265000+00:00,26607.0,12.0
2018-10-01 01:36:26.973000+00:00,26606.0,12.0
2018-10-01 01:36:41.348000+00:00,26605.0,10.0
2018-10-01 01:36:41.699000+00:00,26606.0,10.0
2018-10-01 01:36:59.586000+00:00,26605.0,5.0
2018-10-01 01:37:00.988000+00:00,26606.0,10.0
2018-10-01 01:37:45.514000+00:00,26607.0,21.0
2018-10-01 01:37:45.864000+00:00,26606.0,10.0
2018-10-01 01:37:46.215000+00:00,26607.0,16.0
2018-10-01 01:37:46.565000+00:00,26606.0,5.0
2018-10-01 01:38:05.496000+00:00,26607.0,5.0
2018-10-01 01:38:22.324000+00:00,26606.0,10.0
2018-10-01 01:38:29.691000+00:00,26605.0,10.0
2018-10-01 01:38:31.094000+00:00,26604.0,10.0
2018-10-01 01:38:40.209000+00:00,26603.0,10.0
2018-10-01 01:38:40.559000+00:00,26604.0,10.0
2018-10-01 01:38:43.364000+00:00,26605.0,10.0
2018-10-01 01:38:54.930000+00:00,26604.0,10.0
2018-10-01 01:38:56.681000+00:00,26605.0,11.0
2018-10-01 01:39:02.294000+00:00,26604.0,11.0
2018-10-01 01:39:04.399000+00:00,26603.0,5.0
2018-10-01 01:39:04.751000+00:00,26604.0,10.0
2018-10-01 01:39:33.140000+00:00,26603.0,10.0
2018-10-01 01:39:35.595000+00:00,26604.0,10.0
2018-10-01 01:39:36.296000+00:00,26603.0,10.0
2018-10-01 01:40:08.541000+00:00,26604.0,10.0
2018-10-01 01:40:16.254000+00:00,26603.0,10.0
2018-10-01 01:40:25.018000+00:00,26602.0,10.0
2018-10-01 01:40:26.420000+00:00,26603.0,10.0
2018-10-01 01:40:29.928000+00:00,26602.0,10.0
2018-10-01 01:40:32.384000+00:00,26601.0,5.0
2018-10-01 01:40:35.187000+00:00,26602.0,10.0
2018-10-01 01:40:35.537000+00:00,26601.0,10.0
2018-10-01 01:40:36.589000+00:00,26602.0,10.0
2018-10-01 01:40:43.250000+00:00,26601.0,5.0
2018-10-01 01:40:45.005000+00:00,26602.0,10.0
2018-10-01 01:40:52.372000+00:00,26601.0,10.0
2018-10-01 01:40:53.773000+00:00,26602.0,10.0
2018-10-01 01:40:57.978000+00:00,26601.0,5.0
2018-10-01 01:40:59.029000+00:00,26602.0,10.0
2018-10-01 01:41:03.937000+00:00,26603.0,10.0
2018-10-01 01:41:51.691000+00:00,26604.0,10.0
2018-10-01 01:41:53.796000+00:00,26605.0,10.0
2018-10-01 01:42:01.512000+00:00,26604.0,10.0
2018-10-01 01:42:14.139000+00:00,26605.0,10.0
2018-10-01 01:42:14.489000+00:00,26604.0,10.0
2018-10-01 01:42:37.975000+00:00,26605.0,10.0
2018-10-01 01:42:46.036000+00:00,26604.0,5.0
2018-10-01 01:42:49.891000+00:00,26605.0,10.0
2018-10-01 01:43:07.420000+00:00,26604.0,10.0
2018-10-01 01:43:21.442000+00:00,26605.0,10.0
2018-10-01 01:44:04.912000+00:00,26606.0,11.0
2018-10-01 01:44:21.036000+00:00,26605.0,11.0
2018-10-01 01:44:30.497000+00:00,26606.0,11.0
2018-10-01 01:45:03.460000+00:00,26607.0,11.0
2018-10-01 01:45:05.213000+00:00,26608.0,21.0
2018-10-01 01:45:05.564000+00:00,26607.0,10.0
2018-10-01 01:46:06.972000+00:00,26606.0,10.0
2018-10-01 01:46:23.450000+00:00,26607.0,10.0
2018-10-01 01:46:25.553000+00:00,26606.0,5.0
2018-10-01 01:46:25.904000+00:00,26607.0,10.0
2018-10-01 01:46:30.109000+00:00,26606.0,5.0
2018-10-01 01:46:30.809000+00:00,26607.0,10.0
2018-10-01 01:46:33.263000+00:00,26606.0,10.0
2018-10-01 01:46:34.315000+00:00,26605.0,10.0
2018-10-01 01:46:37.117000+00:00,26606.0,10.0
2018-10-01 01:46:54.985000+00:00,26607.0,10.0
2018-10-01 01:47:01.291000+00:00,26606.0,10.0
2018-10-01 01:47:03.044000+00:00,26607.0,10.0
2018-10-01 01:47:23.723000+00:00,26608.0,21.0
2018-10-01 01:47:24.074000+00:00,26607.0,10.0
2018-10-01 01:47:33.538000+00:00,26608.0,11.0
2018-10-01 01:47:33.888000+00:00,26607.0,5.0
2018-10-01 01:47:35.643000+00:00,26608.0,10.0
2018-10-01 01:47:39.849000+00:00,26610.0,21.0
2018-10-01 01:47:40.199000+00:00,26609.0,5.0
2018-10-01 01:47:40.899000+00:00,26608.0,10.0
2018-10-01 01:47:42.301000+00:00,26609.0,10.0
2018-10-01 01:47:43.707000+00:00,26610.0,10.0
2018-10-01 01:47:45.459000+00:00,26609.0,10.0
2018-10-01 01:47:48.963000+00:00,26610.0,10.0
2018-10-01 01:47:50.364000+00:00,26609.0,10.0
2018-10-01 01:48:26.124000+00:00,26611.0,10.0
2018-10-01 01:48:28.928000+00:00,26610.0,10.0
2018-10-01 01:48:32.084000+00:00,26612.0,21.0
2018-10-01 01:48:32.434000+00:00,26611.0,10.0
2018-10-01 01:48:39.095000+00:00,26610.0,5.0
2018-10-01 01:48:43.307000+00:00,26609.0,5.0
2018-10-01 01:48:43.658000+00:00,26611.0,21.0
2018-10-01 01:48:44.010000+00:00,26610.0,10.0
2018-10-01 01:48:45.062000+00:00,26609.0,10.0
2018-10-01 01:48:48.570000+00:00,26608.0,16.0
2018-10-01 01:48:48.922000+00:00,26609.0,11.0
2018-10-01 01:48:49.973000+00:00,26608.0,11.0
2018-10-01 01:48:55.933000+00:00,26607.0,11.0
2018-10-01 01:48:56.286000+00:00,26608.0,11.0
2018-10-01 01:49:08.919000+00:00,26609.0,11.0
2018-10-01 01:49:09.621000+00:00,26608.0,11.0
2018-10-01 01:49:12.078000+00:00,26609.0,11.0
2018-10-01 01:49:22.249000+00:00,26608.0,11.0
2018-10-01 01:50:31.704000+00:00,26607.0,10.0
2018-10-01 01:50:32.408000+00:00,26608.0,10.0
2018-10-01 01:50:44.689000+00:00,26607.0,5.0
2018-10-01 01:50:49.596000+00:00,26608.0,10.0
2018-10-01 01:50:55.909000+00:00,26612.0,16.0
2018-10-01 01:50:56.260000+00:00,26611.0,10.0
2018-10-01 01:50:58.713000+00:00,26610.0,10.0
2018-10-01 01:51:02.572000+00:00,26611.0,10.0
2018-10-01 01:51:18.015000+00:00,26610.0,10.0
2018-10-01 01:51:19.769000+00:00,26613.0,11.0
2018-10-01 01:51:20.120000+00:00,26612.0,5.0
2018-10-01 01:51:21.173000+00:00,26613.0,10.0
2018-10-01 01:51:24.330000+00:00,26612.0,10.0
2018-10-01 01:51:27.834000+00:00,26613.0,10.0
2018-10-01 01:51:34.848000+00:00,26612.0,10.0
2018-10-01 01:51:38.355000+00:00,26613.0,10.0
2018-10-01 01:51:42.561000+00:00,26612.0,5.0
2018-10-01 01:51:59.396000+00:00,26611.0,5.0
2018-10-01 01:52:05.713000+00:00,26610.0,5.0
2018-10-01 01:52:21.848000+00:00,26609.0,5.0
2018-10-01 01:52:44.295000+00:00,26608.0,5.0
2018-10-01 01:52:57.622000+00:00,26609.0,5.0
2018-10-01 01:52:58.673000+00:00,26608.0,5.0
2018-10-01 01:53:07.436000+00:00,26610.0,21.0
2018-10-01 01:53:07.786000+00:00,26609.0,10.0
2018-10-01 01:53:27.773000+00:00,26610.0,10.0
2018-10-01 01:53:34.085000+00:00,26611.0,10.0
2018-10-01 01:53:34.436000+00:00,26610.0,5.0
2018-10-01 01:53:46.009000+00:00,26611.0,10.0
2018-10-01 01:53:46.709000+00:00,26610.0,10.0
2018-10-01 01:53:49.167000+00:00,26609.0,5.0
2018-10-01 01:54:14.062000+00:00,26611.0,21.0
2018-10-01 01:54:14.413000+00:00,26610.0,10.0
2018-10-01 01:54:31.590000+00:00,26609.0,10.0
2018-10-01 01:54:31.944000+00:00,26610.0,11.0
2018-10-01 01:54:33.347000+00:00,26611.0,11.0
2018-10-01 01:54:38.605000+00:00,26610.0,11.0
2018-10-01 01:54:43.863000+00:00,26611.0,11.0
2018-10-01 01:55:01.043000+00:00,26610.0,11.0
2018-10-01 01:55:01.744000+00:00,26611.0,11.0
2018-10-01 01:55:07.710000+00:00,26610.0,11.0
2018-10-01 01:55:13.672000+00:00,26611.0,11.0
2018-10-01 01:55:17.535000+00:00,26610.0,11.0
2018-10-01 01:55:21.041000+00:00,26611.0,11.0
2018-10-01 01:55:34.012000+00:00,26610.0,11.0
2018-10-01 01:55:42.774000+00:00,26609.0,11.0
2018-10-01 01:55:53.638000+00:00,26610.0,11.0
2018-10-01 01:56:20.339000+00:00,26609.0,11.0
2018-10-01 01:56:30.148000+00:00,26610.0,11.0
2018-10-01 01:56:49.081000+00:00,26609.0,11.0
2018-10-01 01:56:57.498000+00:00,26610.0,11.0
2018-10-01 01:56:57.849000+00:00,26609.0,10.0
2018-10-01 01:56:59.601000+00:00,26610.0,10.0
2018-10-01 01:57:02.406000+00:00,26611.0,10.0
2018-10-01 01:57:03.808000+00:00,26612.0,21.0
2018-10-01 01:57:04.513000+00:00,26611.0,21.0
2018-10-01 01:57:10.474000+00:00,26610.0,5.0
2018-10-01 01:57:13.280000+00:00,26609.0,11.0
2018-10-01 01:57:43.439000+00:00,26608.0,11.0
2018-10-01 01:57:50.451000+00:00,26607.0,10.0
2018-10-01 01:57:54.309000+00:00,26606.0,10.0
2018-10-01 01:57:57.114000+00:00,26608.0,21.0
2018-10-01 01:57:57.465000+00:00,26607.0,10.0
2018-10-01 01:58:25.862000+00:00,26609.0,21.0
2018-10-01 01:58:26.213000+00:00,26608.0,10.0
2018-10-01 01:58:50.415000+00:00,26607.0,5.0
2018-10-01 01:58:55.681000+00:00,26608.0,10.0
2018-10-01 01:59:14.992000+00:00,26610.0,21.0
2018-10-01 01:59:15.342000+00:00,26609.0,10.0
2018-10-01 01:59:37.093000+00:00,26608.0,10.0
2018-10-01 01:59:42.012000+00:00,26609.0,10.0
2018-10-01 02:00:04.485000+00:00,26610.0,10.0
2018-10-01 02:00:46.222000+00:00,26609.0,10.0
2018-10-01 02:00:46.577000+00:00,26610.0,10.0
2018-10-01 02:00:51.841000+00:00,26609.0,10.0
2018-10-01 02:01:06.225000+00:00,26610.0,10.0
2018-10-01 02:01:07.982000+00:00,26609.0,5.0
2018-10-01 02:01:23.072000+00:00,26608.0,5.0
2018-10-01 02:01:24.476000+00:00,26609.0,10.0
2018-10-01 02:01:24.828000+00:00,26608.0,5.0
2018-10-01 02:01:30.090000+00:00,26610.0,21.0
2018-10-01 02:01:30.442000+00:00,26608.0,5.0
2018-10-01 02:01:32.548000+00:00,26609.0,11.0
2018-10-01 02:01:33.599000+00:00,26608.0,5.0
2018-10-01 02:01:50.435000+00:00,26607.0,5.0
2018-10-01 02:01:51.839000+00:00,26609.0,21.0
2018-10-01 02:01:52.190000+00:00,26608.0,10.0
2018-10-01 02:01:56.398000+00:00,26607.0,10.0
2018-10-01 02:01:58.853000+00:00,26606.0,10.0
2018-10-01 02:02:02.009000+00:00,26607.0,10.0
2018-10-01 02:02:06.569000+00:00,26608.0,10.0
2018-10-01 02:02:07.622000+00:00,26609.0,10.0
2018-10-01 02:02:10.076000+00:00,26610.0,10.0
2018-10-01 02:02:27.966000+00:00,26609.0,10.0
2018-10-01 02:02:28.665000+00:00,26610.0,10.0
2018-10-01 02:02:32.881000+00:00,26609.0,5.0
2018-10-01 02:02:36.393000+00:00,26610.0,5.0
2018-10-01 02:03:01.662000+00:00,26609.0,5.0
2018-10-01 02:03:03.415000+00:00,26610.0,10.0
2018-10-01 02:03:12.534000+00:00,26609.0,5.0
2018-10-01 02:03:30.763000+00:00,26610.0,10.0
2018-10-01 02:03:45.496000+00:00,26611.0,10.0
2018-10-01 02:03:46.196000+00:00,26610.0,5.0
2018-10-01 02:03:47.247000+00:00,26611.0,10.0
2018-10-01 02:03:48.299000+00:00,26610.0,5.0
2018-10-01 02:03:52.510000+00:00,26611.0,10.0
2018-10-01 02:03:53.565000+00:00,26610.0,5.0
2018-10-01 02:03:55.320000+00:00,26611.0,10.0
2018-10-01 02:04:01.636000+00:00,26612.0,10.0
2018-10-01 02:04:03.387000+00:00,26613.0,10.0
2018-10-01 02:04:06.194000+00:00,26612.0,10.0
2018-10-01 02:04:06.545000+00:00,26613.0,10.0
2018-10-01 02:04:17.418000+00:00,26612.0,5.0
2018-10-01 02:04:17.769000+00:00,26613.0,10.0
2018-10-01 02:04:30.053000+00:00,26614.0,11.0
2018-10-01 02:04:30.405000+00:00,26615.0,11.0
2018-10-01 02:04:34.616000+00:00,26614.0,11.0
2018-10-01 02:04:40.931000+00:00,26615.0,11.0
2018-10-01 02:04:50.043000+00:00,26614.0,11.0
2018-10-01 02:04:52.847000+00:00,26615.0,11.0
2018-10-01 02:04:54.950000+00:00,26614.0,11.0
2018-10-01 02:04:55.301000+00:00,26615.0,11.0
2018-10-01 02:04:58.459000+00:00,26614.0,10.0
2018-10-01 02:05:01.267000+00:00,26615.0,10.0
2018-10-01 02:05:04.421000+00:00,26616.0,11.0
2018-10-01 02:05:34.242000+00:00,26615.0,5.0
2018-10-01 02:05:34.945000+00:00,26616.0,10.0
2018-10-01 02:05:43.366000+00:00,26615.0,10.0
2018-10-01 02:06:06.883000+00:00,26614.0,10.0
2018-10-01 02:06:15.300000+00:00,26615.0,10.0
2018-10-01 02:06:21.612000+00:00,26614.0,10.0
2018-10-01 02:06:24.067000+00:00,26615.0,10.0
2018-10-01 02:06:24.771000+00:00,26614.0,10.0
2018-10-01 02:06:26.525000+00:00,26613.0,10.0
2018-10-01 02:06:27.578000+00:00,26614.0,10.0
2018-10-01 02:06:28.982000+00:00,26613.0,10.0
2018-10-01 02:06:29.333000+00:00,26614.0,10.0
2018-10-01 02:06:30.737000+00:00,26613.0,5.0
2018-10-01 02:07:11.426000+00:00,26615.0,21.0
2018-10-01 02:07:11.777000+00:00,26614.0,10.0
2018-10-01 02:07:41.577000+00:00,26615.0,10.0
2018-10-01 02:07:46.138000+00:00,26614.0,10.0
2018-10-01 02:07:51.747000+00:00,26613.0,10.0
2018-10-01 02:07:55.259000+00:00,26612.0,10.0
2018-10-01 02:08:01.577000+00:00,26613.0,10.0
2018-10-01 02:08:30.684000+00:00,26614.0,10.0
2018-10-01 02:08:44.708000+00:00,26615.0,11.0
2018-10-01 02:08:46.817000+00:00,26616.0,11.0
2018-10-01 02:08:55.238000+00:00,26615.0,11.0
2018-10-01 02:09:06.458000+00:00,26614.0,11.0
2018-10-01 02:09:07.160000+00:00,26615.0,11.0
2018-10-01 02:09:51.766000+00:00,26614.0,11.0
2018-10-01 02:09:59.125000+00:00,26615.0,10.0
2018-10-01 02:10:26.481000+00:00,26616.0,10.0
2018-10-01 02:11:11.018000+00:00,26618.0,10.0
2018-10-01 02:11:12.069000+00:00,26619.0,10.0
2018-10-01 02:11:13.124000+00:00,26620.0,10.0
2018-10-01 02:11:16.276000+00:00,26619.0,10.0
2018-10-01 02:11:16.627000+00:00,26620.0,10.0
2018-10-01 02:11:17.677000+00:00,26619.0,5.0
2018-10-01 02:11:18.378000+00:00,26620.0,5.0
2018-10-01 02:11:18.728000+00:00,26619.0,5.0
2018-10-01 02:11:20.130000+00:00,26620.0,10.0
2018-10-01 02:11:21.885000+00:00,26619.0,10.0
2018-10-01 02:11:22.585000+00:00,26620.0,10.0
2018-10-01 02:11:24.690000+00:00,26619.0,11.0
2018-10-01 02:11:25.041000+00:00,26620.0,11.0
2018-10-01 02:11:29.247000+00:00,26621.0,11.0
2018-10-01 02:11:32.753000+00:00,26620.0,11.0
2018-10-01 02:11:33.455000+00:00,26621.0,11.0
2018-10-01 02:11:33.805000+00:00,26620.0,10.0
2018-10-01 02:11:46.422000+00:00,26619.0,5.0
2018-10-01 02:11:51.329000+00:00,26618.0,5.0
2018-10-01 02:12:02.208000+00:00,26619.0,11.0
2018-10-01 02:12:02.557000+00:00,26618.0,5.0
2018-10-01 02:12:04.315000+00:00,26619.0,10.0
2018-10-01 02:12:13.078000+00:00,26618.0,10.0
2018-10-01 02:12:23.243000+00:00,26619.0,10.0
2018-10-01 02:12:24.648000+00:00,26618.0,5.0
2018-10-01 02:12:36.218000+00:00,26617.0,10.0
2018-10-01 02:12:36.568000+00:00,26618.0,10.0
2018-10-01 02:12:47.788000+00:00,26619.0,10.0
2018-10-01 02:12:49.540000+00:00,26620.0,10.0
2018-10-01 02:12:50.941000+00:00,26619.0,5.0
2018-10-01 02:12:51.993000+00:00,26620.0,10.0
2018-10-01 02:13:02.157000+00:00,26619.0,5.0
2018-10-01 02:13:02.507000+00:00,26620.0,10.0
2018-10-01 02:13:13.720000+00:00,26619.0,5.0
2018-10-01 02:13:20.383000+00:00,26620.0,5.0
2018-10-01 02:13:30.200000+00:00,26621.0,5.0
2018-10-01 02:13:39.309000+00:00,26622.0,11.0
2018-10-01 02:13:39.660000+00:00,26621.0,5.0
2018-10-01 02:13:58.587000+00:00,26622.0,5.0
2018-10-01 02:13:59.641000+00:00,26621.0,5.0
2018-10-01 02:14:01.041000+00:00,26623.0,21.0
2018-10-01 02:14:01.391000+00:00,26622.0,10.0
2018-10-01 02:14:03.844000+00:00,26623.0,10.0
2018-10-01 02:14:10.856000+00:00,26624.0,11.0
2018-10-01 02:14:14.363000+00:00,26625.0,10.0
2018-10-01 02:14:14.715000+00:00,26624.0,5.0
2018-10-01 02:14:15.064000+00:00,26625.0,10.0
2018-10-01 02:14:16.116000+00:00,26624.0,10.0
2018-10-01 02:14:19.622000+00:00,26625.0,10.0
2018-10-01 02:14:22.776000+00:00,26624.0,10.0
2018-10-01 02:14:23.828000+00:00,26625.0,10.0
2018-10-01 02:14:24.529000+00:00,26626.0,11.0
2018-10-01 02:14:24.879000+00:00,26624.0,5.0
2018-10-01 02:14:25.230000+00:00,26625.0,10.0
2018-10-01 02:14:25.581000+00:00,26624.0,5.0
2018-10-01 02:14:26.282000+00:00,26625.0,21.0
2018-10-01 02:14:26.633000+00:00,26626.0,21.0
2018-10-01 02:14:26.986000+00:00,26625.0,10.0
2018-10-01 02:14:27.336000+00:00,26624.0,10.0
2018-10-01 02:14:27.688000+00:00,26626.0,10.0
2018-10-01 02:14:31.194000+00:00,26627.0,10.0
2018-10-01 02:14:36.452000+00:00,26626.0,5.0
2018-10-01 02:14:38.205000+00:00,26627.0,10.0
2018-10-01 02:14:41.713000+00:00,26626.0,10.0
2018-10-01 02:14:42.063000+00:00,26627.0,10.0
2018-10-01 02:14:42.416000+00:00,26626.0,10.0
2018-10-01 02:14:42.768000+00:00,26627.0,10.0
2018-10-01 02:14:43.469000+00:00,26628.0,21.0
2018-10-01 02:14:43.821000+00:00,26627.0,10.0
2018-10-01 02:14:44.172000+00:00,26626.0,10.0
2018-10-01 02:14:45.225000+00:00,26628.0,16.0
2018-10-01 02:14:45.574000+00:00,26627.0,10.0
2018-10-01 02:14:48.029000+00:00,26626.0,5.0
2018-10-01 02:15:00.650000+00:00,26627.0,5.0
2018-10-01 02:15:02.403000+00:00,26626.0,5.0
2018-10-01 02:15:02.755000+00:00,26627.0,10.0
2018-10-01 02:15:03.811000+00:00,26626.0,10.0
2018-10-01 02:15:05.214000+00:00,26627.0,10.0
2018-10-01 02:15:19.937000+00:00,26626.0,10.0
2018-10-01 02:15:26.947000+00:00,26625.0,5.0
2018-10-01 02:15:36.412000+00:00,26626.0,5.0
2018-10-01 02:16:09.494000+00:00,26625.0,5.0
2018-10-01 02:16:44.190000+00:00,26627.0,5.0
2018-10-01 02:16:45.241000+00:00,26628.0,10.0
2018-10-01 02:16:49.096000+00:00,26629.0,10.0
2018-10-01 02:16:52.249000+00:00,26628.0,10.0
2018-10-01 02:16:56.104000+00:00,26627.0,10.0
2018-10-01 02:16:56.453000+00:00,26628.0,10.0
2018-10-01 02:16:58.204000+00:00,26627.0,10.0
2018-10-01 02:17:00.308000+00:00,26628.0,10.0
2018-10-01 02:17:02.414000+00:00,26629.0,10.0
2018-10-01 02:17:02.765000+00:00,26630.0,21.0
2018-10-01 02:17:03.116000+00:00,26629.0,10.0
2018-10-01 02:17:05.223000+00:00,26641.0,5.0
2018-10-01 02:17:05.574000+00:00,26644.0,21.0
2018-10-01 02:17:06.276000+00:00,26645.0,21.0
2018-10-01 02:17:06.627000+00:00,26647.0,16.0
2018-10-01 02:17:07.330000+00:00,26645.0,10.0
2018-10-01 02:17:07.681000+00:00,26644.0,10.0
2018-10-01 02:17:08.381000+00:00,26643.0,10.0
2018-10-01 02:17:09.433000+00:00,26640.0,10.0
2018-10-01 02:17:13.993000+00:00,26639.0,10.0
2018-10-01 02:17:18.201000+00:00,26641.0,10.0
2018-10-01 02:17:18.901000+00:00,26640.0,5.0
2018-10-01 02:17:19.252000+00:00,26641.0,10.0
2018-10-01 02:17:21.706000+00:00,26642.0,10.0
2018-10-01 02:17:25.912000+00:00,26641.0,5.0
2018-10-01 02:17:31.168000+00:00,26640.0,5.0
2018-10-01 02:17:36.081000+00:00,26639.0,5.0
2018-10-01 02:17:39.586000+00:00,26640.0,5.0
2018-10-01 02:17:40.287000+00:00,26639.0,10.0
2018-10-01 02:17:44.494000+00:00,26638.0,5.0
2018-10-01 02:17:46.946000+00:00,26639.0,10.0
2018-10-01 02:17:48.348000+00:00,26640.0,10.0
2018-10-01 02:17:50.453000+00:00,26639.0,5.0
2018-10-01 02:17:50.803000+00:00,26641.0,21.0
2018-10-01 02:17:51.153000+00:00,26640.0,10.0
2018-10-01 02:17:51.504000+00:00,26639.0,10.0
2018-10-01 02:17:53.260000+00:00,26638.0,10.0
2018-10-01 02:17:55.012000+00:00,26639.0,10.0
2018-10-01 02:17:57.465000+00:00,26638.0,10.0
2018-10-01 02:18:09.381000+00:00,26639.0,10.0
2018-10-01 02:18:13.585000+00:00,26638.0,10.0
2018-10-01 02:18:13.936000+00:00,26637.0,10.0
2018-10-01 02:18:14.287000+00:00,26638.0,10.0
2018-10-01 02:18:21.994000+00:00,26639.0,10.0
2018-10-01 02:18:24.798000+00:00,26638.0,5.0
2018-10-01 02:18:26.550000+00:00,26639.0,10.0
2018-10-01 02:18:27.251000+00:00,26638.0,5.0
2018-10-01 02:18:29.006000+00:00,26637.0,5.0
2018-10-01 02:18:29.355000+00:00,26638.0,10.0
2018-10-01 02:18:40.223000+00:00,26637.0,10.0
2018-10-01 02:18:41.625000+00:00,26636.0,5.0
2018-10-01 02:18:42.325000+00:00,26637.0,10.0
2018-10-01 02:18:44.427000+00:00,26636.0,5.0
2018-10-01 02:18:45.128000+00:00,26637.0,10.0
2018-10-01 02:18:48.983000+00:00,26638.0,10.0
2018-10-01 02:18:53.889000+00:00,26639.0,10.0
2018-10-01 02:18:56.344000+00:00,26640.0,10.0
2018-10-01 02:19:00.899000+00:00,26639.0,10.0
2018-10-01 02:19:01.253000+00:00,26640.0,10.0
2018-10-01 02:19:06.163000+00:00,26641.0,10.0
2018-10-01 02:19:10.368000+00:00,26640.0,5.0
2018-10-01 02:19:10.719000+00:00,26641.0,10.0
2018-10-01 02:19:14.620000+00:00,26640.0,5.0
2018-10-01 02:19:23.377000+00:00,26641.0,10.0
2018-10-01 02:19:27.233000+00:00,26640.0,10.0
2018-10-01 02:19:37.748000+00:00,26641.0,10.0
2018-10-01 02:19:43.359000+00:00,26640.0,5.0
2018-10-01 02:19:48.968000+00:00,26639.0,5.0
2018-10-01 02:19:50.370000+00:00,26640.0,10.0
2018-10-01 02:19:51.774000+00:00,26639.0,10.0
2018-10-01 02:19:58.790000+00:00,26638.0,10.0
2018-10-01 02:19:59.492000+00:00,26639.0,10.0
2018-10-01 02:20:01.251000+00:00,26641.0,21.0
2018-10-01 02:20:01.602000+00:00,26640.0,10.0
2018-10-01 02:20:03.354000+00:00,26639.0,10.0
2018-10-01 02:20:10.375000+00:00,26638.0,10.0
2018-10-01 02:20:21.944000+00:00,26637.0,10.0
2018-10-01 02:20:22.998000+00:00,26636.0,10.0
2018-10-01 02:20:27.907000+00:00,26635.0,10.0
2018-10-01 02:20:28.257000+00:00,26636.0,10.0
2018-10-01 02:20:31.063000+00:00,26637.0,10.0
2018-10-01 02:20:41.241000+00:00,26636.0,10.0
2018-10-01 02:20:43.345000+00:00,26635.0,10.0
2018-10-01 02:20:44.047000+00:00,26636.0,10.0
2018-10-01 02:20:47.206000+00:00,26635.0,5.0
2018-10-01 02:20:49.659000+00:00,26636.0,10.0
2018-10-01 02:20:52.113000+00:00,26637.0,10.0
2018-10-01 02:20:52.816000+00:00,26636.0,10.0
2018-10-01 02:20:53.868000+00:00,26635.0,10.0
2018-10-01 02:21:01.235000+00:00,26634.0,10.0
2018-10-01 02:21:02.640000+00:00,26635.0,10.0
2018-10-01 02:21:03.341000+00:00,26636.0,10.0
2018-10-01 02:21:04.042000+00:00,26637.0,10.0
2018-10-01 02:21:06.495000+00:00,26638.0,10.0
2018-10-01 02:21:10.703000+00:00,26639.0,10.0
2018-10-01 02:21:11.056000+00:00,26638.0,10.0
2018-10-01 02:21:12.107000+00:00,26639.0,21.0
2018-10-01 02:21:12.457000+00:00,26638.0,10.0
2018-10-01 02:21:19.470000+00:00,26640.0,21.0
2018-10-01 02:21:19.820000+00:00,26639.0,10.0
2018-10-01 02:21:22.274000+00:00,26638.0,10.0
2018-10-01 02:21:33.836000+00:00,26639.0,10.0
2018-10-01 02:21:34.888000+00:00,26640.0,10.0
2018-10-01 02:21:35.941000+00:00,26639.0,10.0
2018-10-01 02:21:36.996000+00:00,26638.0,10.0
2018-10-01 02:21:39.806000+00:00,26639.0,10.0
2018-10-01 02:21:40.157000+00:00,26638.0,10.0
2018-10-01 02:21:41.560000+00:00,26639.0,10.0
2018-10-01 02:21:45.414000+00:00,26638.0,10.0
2018-10-01 02:21:58.734000+00:00,26639.0,10.0
2018-10-01 02:22:04.698000+00:00,26640.0,10.0
2018-10-01 02:22:05.048000+00:00,26639.0,10.0
2018-10-01 02:22:06.101000+00:00,26638.0,10.0
2018-10-01 02:22:06.453000+00:00,26639.0,10.0
2018-10-01 02:22:15.220000+00:00,26640.0,10.0
2018-10-01 02:22:17.674000+00:00,26641.0,10.0
2018-10-01 02:22:19.076000+00:00,26642.0,10.0
2018-10-01 02:22:21.879000+00:00,26641.0,5.0
2018-10-01 02:22:24.684000+00:00,26640.0,5.0
2018-10-01 02:22:27.839000+00:00,26641.0,5.0
2018-10-01 02:22:29.241000+00:00,26640.0,5.0
2018-10-01 02:22:30.046000+00:00,26641.0,5.0
2018-10-01 02:22:31.798000+00:00,26640.0,5.0
2018-10-01 02:22:37.762000+00:00,26639.0,5.0
2018-10-01 02:22:41.970000+00:00,26638.0,5.0
2018-10-01 02:22:42.320000+00:00,26639.0,10.0
2018-10-01 02:22:43.723000+00:00,26640.0,10.0
2018-10-01 02:22:45.476000+00:00,26639.0,10.0
2018-10-01 02:22:47.929000+00:00,26640.0,10.0
2018-10-01 02:22:52.139000+00:00,26641.0,10.0
2018-10-01 02:23:17.738000+00:00,26643.0,10.0
2018-10-01 02:23:19.491000+00:00,26644.0,10.0
2018-10-01 02:23:26.502000+00:00,26645.0,10.0
2018-10-01 02:23:27.203000+00:00,26646.0,10.0
2018-10-01 02:23:29.306000+00:00,26645.0,10.0
2018-10-01 02:23:30.009000+00:00,26647.0,21.0
2018-10-01 02:23:30.359000+00:00,26646.0,10.0
2018-10-01 02:23:33.164000+00:00,26645.0,5.0
2018-10-01 02:23:33.865000+00:00,26646.0,10.0
2018-10-01 02:23:34.565000+00:00,26645.0,5.0
2018-10-01 02:23:35.266000+00:00,26646.0,10.0
2018-10-01 02:23:35.616000+00:00,26645.0,5.0
2018-10-01 02:23:35.968000+00:00,26646.0,10.0
2018-10-01 02:23:36.668000+00:00,26645.0,5.0
2018-10-01 02:23:44.376000+00:00,26646.0,5.0
2018-10-01 02:23:46.478000+00:00,26645.0,5.0
2018-10-01 02:24:05.086000+00:00,26644.0,5.0
2018-10-01 02:24:07.189000+00:00,26643.0,5.0
2018-10-01 02:24:08.591000+00:00,26645.0,21.0
2018-10-01 02:24:08.942000+00:00,26643.0,10.0
2018-10-01 02:24:27.864000+00:00,26642.0,10.0
2018-10-01 02:24:46.441000+00:00,26641.0,5.0
2018-10-01 02:24:49.946000+00:00,26643.0,21.0
2018-10-01 02:24:50.298000+00:00,26642.0,10.0
2018-10-01 02:24:52.753000+00:00,26641.0,5.0
2018-10-01 02:24:55.208000+00:00,26642.0,10.0
2018-10-01 02:24:56.262000+00:00,26641.0,5.0
2018-10-01 02:25:05.030000+00:00,26642.0,5.0
2018-10-01 02:25:06.783000+00:00,26643.0,5.0
2018-10-01 02:25:07.835000+00:00,26642.0,5.0
2018-10-01 02:25:15.191000+00:00,26643.0,10.0
2018-10-01 02:25:18.695000+00:00,26641.0,10.0
2018-10-01 02:25:30.607000+00:00,26640.0,10.0
2018-10-01 02:25:37.005000+00:00,26641.0,10.0
2018-10-01 02:25:39.806000+00:00,26640.0,10.0
2018-10-01 02:25:42.258000+00:00,26641.0,10.0
2018-10-01 02:25:44.013000+00:00,26640.0,5.0
2018-10-01 02:25:44.714000+00:00,26641.0,10.0
2018-10-01 02:26:03.291000+00:00,26640.0,10.0
2018-10-01 02:26:03.640000+00:00,26641.0,10.0
2018-10-01 02:26:08.897000+00:00,26640.0,10.0
2018-10-01 02:26:11+00:00,26641.0,10.0
2018-10-01 02:26:13.101000+00:00,26640.0,5.0
2018-10-01 02:26:30.976000+00:00,26641.0,5.0
2018-10-01 02:26:35.576000+00:00,26640.0,5.0
2018-10-01 02:26:36.978000+00:00,26642.0,21.0
2018-10-01 02:26:37.329000+00:00,26640.0,10.0
2018-10-01 02:26:39.782000+00:00,26641.0,10.0
2018-10-01 02:26:40.483000+00:00,26642.0,10.0
2018-10-01 02:26:48.256000+00:00,26641.0,5.0
2018-10-01 02:26:52.814000+00:00,26642.0,10.0
2018-10-01 02:26:53.518000+00:00,26641.0,10.0
2018-10-01 02:26:57.023000+00:00,26643.0,21.0
2018-10-01 02:26:57.373000+00:00,26642.0,16.0
2018-10-01 02:26:57.724000+00:00,26641.0,10.0
2018-10-01 02:26:58.480000+00:00,26640.0,10.0
2018-10-01 02:26:59.181000+00:00,26639.0,10.0
2018-10-01 02:27:05.488000+00:00,26640.0,10.0
2018-10-01 02:27:08.993000+00:00,26639.0,10.0
2018-10-01 02:27:19.860000+00:00,26640.0,10.0
2018-10-01 02:27:21.263000+00:00,26641.0,10.0
2018-10-01 02:27:28.972000+00:00,26643.0,21.0
2018-10-01 02:27:29.324000+00:00,26642.0,10.0
2018-10-01 02:28:01.388000+00:00,26641.0,5.0
2018-10-01 02:28:02.088000+00:00,26642.0,10.0
2018-10-01 02:28:04.192000+00:00,26641.0,5.0
2018-10-01 02:28:05.947000+00:00,26642.0,5.0
2018-10-01 02:28:06.299000+00:00,26643.0,5.0
2018-10-01 02:28:07.352000+00:00,26642.0,5.0
2018-10-01 02:28:18.571000+00:00,26641.0,5.0
2018-10-01 02:28:18.921000+00:00,26643.0,5.0
2018-10-01 02:28:23.836000+00:00,26644.0,5.0
2018-10-01 02:28:26.641000+00:00,26643.0,5.0
2018-10-01 02:28:28.743000+00:00,26645.0,21.0
2018-10-01 02:28:29.093000+00:00,26644.0,10.0
2018-10-01 02:28:33.999000+00:00,26645.0,10.0
2018-10-01 02:28:50.122000+00:00,26646.0,10.0
2018-10-01 02:28:51.173000+00:00,26645.0,5.0
2018-10-01 02:28:51.523000+00:00,26646.0,10.0
2018-10-01 02:28:51.873000+00:00,26645.0,5.0
2018-10-01 02:28:57.132000+00:00,26646.0,5.0
2018-10-01 02:28:57.834000+00:00,26647.0,5.0
2018-10-01 02:28:58.538000+00:00,26646.0,5.0
2018-10-01 02:28:59.237000+00:00,26648.0,21.0
2018-10-01 02:28:59.589000+00:00,26647.0,10.0
2018-10-01 02:29:02.392000+00:00,26646.0,10.0
2018-10-01 02:29:07.997000+00:00,26648.0,21.0
2018-10-01 02:29:08.350000+00:00,26645.0,10.0
2018-10-01 02:29:13.607000+00:00,26644.0,5.0
2018-10-01 02:29:14.309000+00:00,26645.0,10.0
2018-10-01 02:29:15.710000+00:00,26644.0,10.0
2018-10-01 02:29:24.477000+00:00,26643.0,5.0
2018-10-01 02:29:25.177000+00:00,26644.0,10.0
2018-10-01 02:29:28.333000+00:00,26643.0,10.0
2018-10-01 02:29:30.438000+00:00,26642.0,10.0
2018-10-01 02:29:30.789000+00:00,26643.0,10.0
2018-10-01 02:29:34.997000+00:00,26644.0,10.0
2018-10-01 02:29:37.102000+00:00,26643.0,10.0
2018-10-01 02:29:41.658000+00:00,26642.0,10.0
2018-10-01 02:29:42.713000+00:00,26643.0,10.0
2018-10-01 02:29:48.318000+00:00,26642.0,5.0
2018-10-01 02:29:51.472000+00:00,26641.0,5.0
2018-10-01 02:30:07.948000+00:00,26642.0,5.0
2018-10-01 02:30:15.308000+00:00,26644.0,16.0
2018-10-01 02:30:15.658000+00:00,26643.0,5.0
2018-10-01 02:30:17.760000+00:00,26644.0,10.0
2018-10-01 02:30:21.265000+00:00,26643.0,5.0
2018-10-01 02:30:35.906000+00:00,26642.0,5.0
2018-10-01 02:30:38.010000+00:00,26641.0,5.0
2018-10-01 02:30:42.921000+00:00,26642.0,5.0
2018-10-01 02:30:45.028000+00:00,26643.0,5.0
2018-10-01 02:30:47.129000+00:00,26642.0,10.0
2018-10-01 02:30:50.288000+00:00,26643.0,10.0
2018-10-01 02:30:50.639000+00:00,26642.0,5.0
2018-10-01 02:30:51.690000+00:00,26643.0,10.0
2018-10-01 02:30:52.042000+00:00,26642.0,10.0
2018-10-01 02:31:00.452000+00:00,26641.0,10.0
2018-10-01 02:31:12.368000+00:00,26642.0,10.0
2018-10-01 02:31:30.248000+00:00,26643.0,10.0
2018-10-01 02:31:32.350000+00:00,26642.0,5.0
2018-10-01 02:31:35.152000+00:00,26643.0,10.0
2018-10-01 02:31:40.407000+00:00,26645.0,10.0
2018-10-01 02:31:41.108000+00:00,26647.0,21.0
2018-10-01 02:31:41.460000+00:00,26646.0,10.0
2018-10-01 02:31:47.069000+00:00,26645.0,10.0
2018-10-01 02:31:47.421000+00:00,26646.0,10.0
2018-10-01 02:31:49.523000+00:00,26645.0,10.0
2018-10-01 02:31:51.276000+00:00,26646.0,10.0
2018-10-01 02:31:55.133000+00:00,26647.0,10.0
2018-10-01 02:32:04.250000+00:00,26646.0,5.0
2018-10-01 02:32:23.176000+00:00,26645.0,5.0
2018-10-01 02:32:24.578000+00:00,26646.0,10.0
2018-10-01 02:32:35.094000+00:00,26648.0,5.0
2018-10-01 02:32:35.447000+00:00,26650.0,5.0
2018-10-01 02:32:35.799000+00:00,26651.0,21.0
2018-10-01 02:32:37.553000+00:00,26657.0,11.0
2018-10-01 02:32:37.905000+00:00,26659.0,10.0
2018-10-01 02:32:40.360000+00:00,26658.0,10.0
2018-10-01 02:32:41.060000+00:00,26657.0,10.0
2018-10-01 02:32:41.411000+00:00,26656.0,5.0
2018-10-01 02:32:42.812000+00:00,26657.0,10.0
2018-10-01 02:32:44.914000+00:00,26656.0,10.0
2018-10-01 02:32:48.770000+00:00,26657.0,10.0
2018-10-01 02:32:49.470000+00:00,26658.0,11.0
2018-10-01 02:32:50.171000+00:00,26657.0,11.0
2018-10-01 02:32:53.327000+00:00,26660.0,11.0
2018-10-01 02:32:53.677000+00:00,26659.0,10.0
2018-10-01 02:32:55.081000+00:00,26658.0,5.0
2018-10-01 02:32:57.887000+00:00,26660.0,5.0
2018-10-01 02:32:58.237000+00:00,26659.0,10.0
2018-10-01 02:33:00.692000+00:00,26658.0,5.0
2018-10-01 02:33:02.094000+00:00,26659.0,11.0
2018-10-01 02:33:02.444000+00:00,26658.0,10.0
2018-10-01 02:33:03.845000+00:00,26657.0,10.0
2018-10-01 02:33:05.949000+00:00,26656.0,10.0
2018-10-01 02:33:06.301000+00:00,26655.0,10.0
2018-10-01 02:33:06.652000+00:00,26656.0,10.0
2018-10-01 02:33:07.702000+00:00,26655.0,10.0
2018-10-01 02:33:09.804000+00:00,26656.0,10.0
2018-10-01 02:33:11.557000+00:00,26655.0,10.0
2018-10-01 02:33:12.259000+00:00,26654.0,10.0
2018-10-01 02:33:14.714000+00:00,26653.0,10.0
2018-10-01 02:33:15.767000+00:00,26651.0,5.0
2018-10-01 02:33:16.117000+00:00,26652.0,10.0
2018-10-01 02:33:16.819000+00:00,26655.0,10.0
2018-10-01 02:33:17.171000+00:00,26656.0,10.0
2018-10-01 02:33:18.572000+00:00,26657.0,10.0
2018-10-01 02:33:20.675000+00:00,26656.0,10.0
2018-10-01 02:33:21.025000+00:00,26657.0,10.0
2018-10-01 02:33:24.530000+00:00,26656.0,16.0
2018-10-01 02:33:25.932000+00:00,26655.0,5.0
2018-10-01 02:33:28.385000+00:00,26658.0,5.0
2018-10-01 02:33:28.736000+00:00,26657.0,5.0
2018-10-01 02:33:29.787000+00:00,26658.0,10.0
2018-10-01 02:33:36.795000+00:00,26659.0,10.0
2018-10-01 02:33:37.145000+00:00,26658.0,10.0
2018-10-01 02:33:45.906000+00:00,26657.0,5.0
2018-10-01 02:33:46.256000+00:00,26658.0,10.0
2018-10-01 02:33:47.657000+00:00,26657.0,5.0
2018-10-01 02:33:48.707000+00:00,26658.0,10.0
2018-10-01 02:33:51.515000+00:00,26657.0,5.0
2018-10-01 02:33:57.823000+00:00,26655.0,5.0
2018-10-01 02:34:03.787000+00:00,26657.0,21.0
2018-10-01 02:34:04.138000+00:00,26656.0,10.0
2018-10-01 02:34:04.488000+00:00,26657.0,10.0
2018-10-01 02:34:05.890000+00:00,26656.0,10.0
2018-10-01 02:34:06.590000+00:00,26657.0,10.0
2018-10-01 02:34:07.642000+00:00,26656.0,10.0
2018-10-01 02:34:09.744000+00:00,26657.0,10.0
2018-10-01 02:34:12.196000+00:00,26658.0,16.0
2018-10-01 02:34:12.546000+00:00,26657.0,5.0
2018-10-01 02:34:12.897000+00:00,26658.0,10.0
2018-10-01 02:34:16.050000+00:00,26657.0,5.0
2018-10-01 02:34:17.102000+00:00,26658.0,10.0
2018-10-01 02:34:24.811000+00:00,26657.0,10.0
2018-10-01 02:34:28.666000+00:00,26656.0,10.0
2018-10-01 02:34:29.719000+00:00,26657.0,10.0
2018-10-01 02:34:31.471000+00:00,26656.0,5.0
2018-10-01 02:34:36.029000+00:00,26655.0,5.0
2018-10-01 02:34:36.731000+00:00,26656.0,10.0
2018-10-01 02:34:38.833000+00:00,26655.0,10.0
2018-10-01 02:34:39.183000+00:00,26656.0,10.0
2018-10-01 02:34:40.238000+00:00,26655.0,5.0
2018-10-01 02:34:40.589000+00:00,26656.0,10.0
2018-10-01 02:34:42.691000+00:00,26654.0,10.0
2018-10-01 02:34:43.393000+00:00,26653.0,16.0
2018-10-01 02:34:46.195000+00:00,26654.0,10.0
2018-10-01 02:34:47.246000+00:00,26655.0,10.0
2018-10-01 02:34:47.596000+00:00,26654.0,10.0
2018-10-01 02:34:52.852000+00:00,26655.0,10.0
2018-10-01 02:34:53.905000+00:00,26654.0,10.0
2018-10-01 02:35:04.419000+00:00,26655.0,10.0
2018-10-01 02:35:06.171000+00:00,26657.0,10.0
2018-10-01 02:35:07.574000+00:00,26659.0,21.0
2018-10-01 02:35:07.924000+00:00,26658.0,10.0
2018-10-01 02:35:09.677000+00:00,26657.0,5.0
2018-10-01 02:35:13.532000+00:00,26658.0,10.0
2018-10-01 02:35:13.884000+00:00,26659.0,10.0
2018-10-01 02:35:15.637000+00:00,26660.0,10.0
2018-10-01 02:35:32.814000+00:00,26659.0,10.0
2018-10-01 02:35:39.470000+00:00,26660.0,10.0
2018-10-01 02:35:43.325000+00:00,26659.0,10.0
2018-10-01 02:36:08.595000+00:00,26660.0,10.0
2018-10-01 02:36:11.748000+00:00,26661.0,10.0
2018-10-01 02:36:12.451000+00:00,26662.0,11.0
2018-10-01 02:36:13.502000+00:00,26663.0,11.0
2018-10-01 02:36:13.853000+00:00,26662.0,10.0
2018-10-01 02:36:14.204000+00:00,26664.0,21.0
2018-10-01 02:36:14.556000+00:00,26663.0,5.0
2018-10-01 02:36:14.906000+00:00,26664.0,10.0
2018-10-01 02:36:15.259000+00:00,26666.0,10.0
2018-10-01 02:36:17.011000+00:00,26665.0,10.0
2018-10-01 02:36:19.114000+00:00,26666.0,10.0
2018-10-01 02:36:25.774000+00:00,26667.0,21.0
2018-10-01 02:36:26.124000+00:00,26666.0,10.0
2018-10-01 02:36:27.176000+00:00,26668.0,21.0
2018-10-01 02:36:27.529000+00:00,26667.0,10.0
2018-10-01 02:36:29.281000+00:00,26666.0,5.0
2018-10-01 02:36:29.632000+00:00,26667.0,10.0
2018-10-01 02:36:32.438000+00:00,26666.0,10.0
2018-10-01 02:36:34.891000+00:00,26667.0,10.0
2018-10-01 02:36:37.696000+00:00,26666.0,5.0
2018-10-01 02:36:39.799000+00:00,26667.0,5.0
2018-10-01 02:36:41.901000+00:00,26666.0,5.0
2018-10-01 02:36:46.463000+00:00,26664.0,11.0
2018-10-01 02:36:49.968000+00:00,26663.0,11.0
2018-10-01 02:36:51.368000+00:00,26664.0,16.0
2018-10-01 02:36:51.719000+00:00,26663.0,10.0
2018-10-01 02:36:53.820000+00:00,26662.0,5.0
2018-10-01 02:37:13.093000+00:00,26663.0,21.0
2018-10-01 02:37:13.443000+00:00,26662.0,10.0
2018-10-01 02:37:18.003000+00:00,26661.0,5.0
2018-10-01 02:37:22.565000+00:00,26662.0,10.0
2018-10-01 02:37:36.591000+00:00,26663.0,10.0
2018-10-01 02:37:37.992000+00:00,26664.0,10.0
2018-10-01 02:37:46.754000+00:00,26663.0,5.0
2018-10-01 02:37:48.507000+00:00,26664.0,5.0
2018-10-01 02:37:49.209000+00:00,26663.0,10.0
2018-10-01 02:37:55.164000+00:00,26664.0,10.0
2018-10-01 02:37:57.971000+00:00,26665.0,10.0
2018-10-01 02:38:02.524000+00:00,26666.0,10.0
2018-10-01 02:38:03.225000+00:00,26665.0,10.0
2018-10-01 02:38:05.329000+00:00,26666.0,10.0
2018-10-01 02:38:06.029000+00:00,26665.0,10.0
2018-10-01 02:38:06.380000+00:00,26666.0,10.0
2018-10-01 02:38:11.290000+00:00,26667.0,10.0
2018-10-01 02:38:13.044000+00:00,26666.0,5.0
2018-10-01 02:38:14.094000+00:00,26667.0,10.0
2018-10-01 02:38:14.796000+00:00,26666.0,10.0
2018-10-01 02:38:16.900000+00:00,26667.0,10.0
2018-10-01 02:38:30.223000+00:00,26668.0,10.0
2018-10-01 02:38:31.977000+00:00,26669.0,10.0
2018-10-01 02:38:32.325000+00:00,26668.0,5.0
2018-10-01 02:38:32.676000+00:00,26669.0,10.0
2018-10-01 02:38:34.430000+00:00,26668.0,10.0
2018-10-01 02:38:37.232000+00:00,26669.0,10.0
2018-10-01 02:38:38.986000+00:00,26670.0,11.0
2018-10-01 02:38:39.337000+00:00,26669.0,10.0
2018-10-01 02:38:50.203000+00:00,26668.0,5.0
2018-10-01 02:39:02.478000+00:00,26667.0,5.0
2018-10-01 02:39:03.181000+00:00,26668.0,5.0
2018-10-01 02:39:03.532000+00:00,26667.0,5.0
2018-10-01 02:39:04.586000+00:00,26668.0,5.0
2018-10-01 02:39:18.958000+00:00,26667.0,5.0
2018-10-01 02:39:25.965000+00:00,26666.0,5.0
2018-10-01 02:39:27.367000+00:00,26667.0,5.0
2018-10-01 02:39:30.871000+00:00,26666.0,5.0
2018-10-01 02:39:39.280000+00:00,26665.0,5.0
2018-10-01 02:39:41.033000+00:00,26666.0,5.0
2018-10-01 02:39:42.083000+00:00,26665.0,5.0
2018-10-01 02:39:42.785000+00:00,26666.0,10.0
2018-10-01 02:39:43.835000+00:00,26665.0,5.0
2018-10-01 02:39:52.246000+00:00,26664.0,10.0
2018-10-01 02:39:57.511000+00:00,26666.0,21.0
2018-10-01 02:39:59.615000+00:00,26665.0,5.0
2018-10-01 02:40:04.526000+00:00,26664.0,5.0
2018-10-01 02:40:10.839000+00:00,26663.0,5.0
2018-10-01 02:40:12.590000+00:00,26662.0,5.0
2018-10-01 02:40:16.096000+00:00,26663.0,5.0
2018-10-01 02:40:18.553000+00:00,26662.0,5.0
2018-10-01 02:40:18.904000+00:00,26663.0,5.0
2018-10-01 02:40:20.309000+00:00,26664.0,10.0
2018-10-01 02:40:22.061000+00:00,26665.0,10.0
2018-10-01 02:40:26.618000+00:00,26663.0,10.0
2018-10-01 02:40:33.630000+00:00,26662.0,10.0
2018-10-01 02:40:37.839000+00:00,26661.0,10.0
2018-10-01 02:40:39.942000+00:00,26662.0,10.0
2018-10-01 02:40:42.397000+00:00,26663.0,10.0
2018-10-01 02:40:45.900000+00:00,26665.0,21.0
2018-10-01 02:40:46.250000+00:00,26664.0,10.0
2018-10-01 02:40:50.804000+00:00,26663.0,5.0
2018-10-01 02:41:05.521000+00:00,26664.0,5.0
2018-10-01 02:41:11.829000+00:00,26663.0,5.0
2018-10-01 02:41:16.736000+00:00,26662.0,5.0
2018-10-01 02:41:28.300000+00:00,26661.0,5.0
2018-10-01 02:41:43.020000+00:00,26662.0,21.0
2018-10-01 02:41:43.371000+00:00,26661.0,10.0
2018-10-01 02:41:44.774000+00:00,26660.0,5.0
2018-10-01 02:41:55.287000+00:00,26662.0,21.0
2018-10-01 02:41:55.637000+00:00,26661.0,10.0
2018-10-01 02:41:55.987000+00:00,26660.0,10.0
2018-10-01 02:41:57.390000+00:00,26661.0,10.0
2018-10-01 02:41:58.441000+00:00,26660.0,10.0
2018-10-01 02:42:04.402000+00:00,26661.0,10.0
2018-10-01 02:42:12.812000+00:00,26662.0,10.0
2018-10-01 02:42:21.752000+00:00,26664.0,10.0
2018-10-01 02:42:32.965000+00:00,26663.0,10.0
2018-10-01 02:42:36.480000+00:00,26664.0,10.0
2018-10-01 02:42:54.355000+00:00,26663.0,10.0
2018-10-01 02:43:03.115000+00:00,26662.0,10.0
2018-10-01 02:43:06.619000+00:00,26663.0,11.0
2018-10-01 02:43:27.642000+00:00,26662.0,5.0
2018-10-01 02:43:27.992000+00:00,26663.0,10.0
2018-10-01 02:43:30.450000+00:00,26662.0,5.0
2018-10-01 02:43:41.315000+00:00,26663.0,10.0
2018-10-01 02:43:47.274000+00:00,26664.0,10.0
2018-10-01 02:43:51.127000+00:00,26665.0,10.0
2018-10-01 02:43:52.879000+00:00,26666.0,10.0
2018-10-01 02:43:53.930000+00:00,26665.0,10.0
2018-10-01 02:43:56.384000+00:00,26666.0,10.0
2018-10-01 02:44:00.589000+00:00,26667.0,10.0
2018-10-01 02:44:05.142000+00:00,26668.0,10.0
2018-10-01 02:44:08.997000+00:00,26667.0,10.0
2018-10-01 02:44:11.099000+00:00,26668.0,10.0
2018-10-01 02:44:11.452000+00:00,26667.0,5.0
2018-10-01 02:44:17.060000+00:00,26666.0,5.0
2018-10-01 02:44:23.368000+00:00,26665.0,5.0
2018-10-01 02:44:24.418000+00:00,26667.0,21.0
2018-10-01 02:44:24.769000+00:00,26666.0,10.0
2018-10-01 02:44:31.076000+00:00,26665.0,10.0
2018-10-01 02:44:34.932000+00:00,26664.0,10.0
2018-10-01 02:44:35.284000+00:00,26665.0,10.0
2018-10-01 02:44:36.686000+00:00,26664.0,10.0
2018-10-01 02:44:37.036000+00:00,26665.0,10.0
2018-10-01 02:44:48.469000+00:00,26666.0,10.0
2018-10-01 02:44:51.974000+00:00,26665.0,10.0
2018-10-01 02:44:52.675000+00:00,26664.0,10.0
2018-10-01 02:44:54.428000+00:00,26665.0,10.0
2018-10-01 02:45:06.869000+00:00,26667.0,21.0
2018-10-01 02:45:07.222000+00:00,26666.0,10.0
2018-10-01 02:45:07.574000+00:00,26667.0,11.0
2018-10-01 02:45:07.925000+00:00,26666.0,5.0
2018-10-01 02:45:21.592000+00:00,26665.0,5.0
2018-10-01 02:45:31.755000+00:00,26664.0,5.0
2018-10-01 02:45:41.575000+00:00,26663.0,5.0
2018-10-01 02:45:42.276000+00:00,26664.0,5.0
2018-10-01 02:45:47.183000+00:00,26663.0,5.0
2018-10-01 02:45:47.533000+00:00,26664.0,10.0
2018-10-01 02:45:48.234000+00:00,26663.0,5.0
2018-10-01 02:45:53.140000+00:00,26664.0,10.0
2018-10-01 02:45:55.592000+00:00,26663.0,5.0
2018-10-01 02:45:55.943000+00:00,26664.0,10.0
2018-10-01 02:45:56.643000+00:00,26663.0,10.0
2018-10-01 02:46:04.721000+00:00,26662.0,10.0
2018-10-01 02:46:07.877000+00:00,26661.0,10.0
2018-10-01 02:46:12.082000+00:00,26662.0,10.0
2018-10-01 02:46:26.095000+00:00,26661.0,10.0
2018-10-01 02:46:32.401000+00:00,26660.0,5.0
2018-10-01 02:46:58.082000+00:00,26662.0,21.0
2018-10-01 02:46:58.433000+00:00,26660.0,10.0
2018-10-01 02:46:59.835000+00:00,26661.0,10.0
2018-10-01 02:47:09.292000+00:00,26662.0,10.0
2018-10-01 02:47:24.421000+00:00,26661.0,10.0
2018-10-01 02:47:57.118000+00:00,26662.0,10.0
2018-10-01 02:47:58.173000+00:00,26660.0,10.0
2018-10-01 02:48:17.110000+00:00,26659.0,5.0
2018-10-01 02:48:23.417000+00:00,26660.0,5.0
2018-10-01 02:48:31.124000+00:00,26659.0,5.0
2018-10-01 02:48:33.577000+00:00,26658.0,5.0
2018-10-01 02:48:34.631000+00:00,26659.0,5.0
2018-10-01 02:48:36.030000+00:00,26658.0,5.0
2018-10-01 02:48:37.783000+00:00,26659.0,5.0
2018-10-01 02:48:39.535000+00:00,26658.0,5.0
2018-10-01 02:48:52.145000+00:00,26657.0,5.0
2018-10-01 02:48:57.184000+00:00,26658.0,10.0
2018-10-01 02:48:57.534000+00:00,26657.0,5.0
2018-10-01 02:48:59.636000+00:00,26658.0,5.0
2018-10-01 02:49:04.192000+00:00,26657.0,5.0
2018-10-01 02:49:05.592000+00:00,26658.0,5.0
2018-10-01 02:49:19.076000+00:00,26657.0,5.0
2018-10-01 02:49:24.332000+00:00,26658.0,10.0
2018-10-01 02:49:37.307000+00:00,26660.0,21.0
2018-10-01 02:49:38.008000+00:00,26659.0,10.0
2018-10-01 02:49:40.810000+00:00,26658.0,10.0
2018-10-01 02:49:43.615000+00:00,26659.0,10.0
2018-10-01 02:49:47.120000+00:00,26658.0,10.0
2018-10-01 02:49:48.874000+00:00,26657.0,10.0
2018-10-01 02:49:50.977000+00:00,26658.0,10.0
2018-10-01 02:49:52.028000+00:00,26657.0,5.0
2018-10-01 02:49:57.284000+00:00,26658.0,5.0
2018-10-01 02:49:57.636000+00:00,26659.0,5.0
2018-10-01 02:50:02.547000+00:00,26658.0,5.0
2018-10-01 02:50:02.897000+00:00,26660.0,21.0
2018-10-01 02:50:03.247000+00:00,26659.0,10.0
2018-10-01 02:50:17.969000+00:00,26658.0,10.0
2018-10-01 02:50:18.319000+00:00,26659.0,10.0
2018-10-01 02:50:23.925000+00:00,26658.0,10.0
2018-10-01 02:50:26.377000+00:00,26659.0,10.0
2018-10-01 02:50:33.039000+00:00,26660.0,10.0
2018-10-01 02:50:36.898000+00:00,26661.0,10.0
2018-10-01 02:50:40.750000+00:00,26662.0,10.0
2018-10-01 02:50:43.204000+00:00,26661.0,5.0
2018-10-01 02:50:55.465000+00:00,26660.0,5.0
2018-10-01 02:50:58.970000+00:00,26659.0,10.0
2018-10-01 02:51:00.021000+00:00,26661.0,21.0
2018-10-01 02:51:00.372000+00:00,26659.0,10.0
2018-10-01 02:51:01.424000+00:00,26660.0,10.0
2018-10-01 02:51:02.825000+00:00,26661.0,10.0
2018-10-01 02:51:08.780000+00:00,26660.0,10.0
2018-10-01 02:51:29.801000+00:00,26661.0,10.0
2018-10-01 02:51:45.218000+00:00,26660.0,10.0
2018-10-01 02:51:49.072000+00:00,26661.0,10.0
2018-10-01 02:52:26.248000+00:00,26662.0,21.0
2018-10-01 02:52:26.599000+00:00,26661.0,10.0
2018-10-01 02:52:40.611000+00:00,26660.0,10.0
2018-10-01 02:52:54.274000+00:00,26659.0,10.0
2018-10-01 02:52:55.326000+00:00,26660.0,10.0
2018-10-01 02:52:56.027000+00:00,26659.0,5.0
2018-10-01 02:52:56.727000+00:00,26660.0,10.0
2018-10-01 02:52:59.179000+00:00,26659.0,10.0
2018-10-01 02:53:21.965000+00:00,26658.0,10.0
2018-10-01 02:53:29.325000+00:00,26659.0,10.0
2018-10-01 02:53:33.264000+00:00,26658.0,5.0
2018-10-01 02:54:01.656000+00:00,26657.0,5.0
2018-10-01 02:54:20.229000+00:00,26658.0,5.0
2018-10-01 02:54:27.586000+00:00,26657.0,5.0
2018-10-01 02:54:27.937000+00:00,26658.0,5.0
2018-10-01 02:54:28.287000+00:00,26657.0,5.0
2018-10-01 02:54:39.852000+00:00,26659.0,21.0
2018-10-01 02:54:40.203000+00:00,26658.0,10.0
2018-10-01 02:54:44.758000+00:00,26657.0,10.0
2018-10-01 02:54:48.614000+00:00,26656.0,10.0
2018-10-01 02:54:55.271000+00:00,26657.0,10.0
2018-10-01 02:54:58.073000+00:00,26656.0,10.0
2018-10-01 02:55:02.980000+00:00,26658.0,21.0
2018-10-01 02:55:03.330000+00:00,26657.0,10.0
2018-10-01 02:55:07.534000+00:00,26658.0,11.0
2018-10-01 02:55:07.884000+00:00,26657.0,10.0
2018-10-01 02:55:12.448000+00:00,26658.0,10.0
2018-10-01 02:55:14.904000+00:00,26657.0,10.0
2018-10-01 02:55:18.757000+00:00,26658.0,10.0
2018-10-01 02:55:34.907000+00:00,26657.0,10.0
2018-10-01 02:55:55.946000+00:00,26656.0,5.0
2018-10-01 02:55:57.697000+00:00,26657.0,5.0
2018-10-01 02:55:59.451000+00:00,26656.0,5.0
2018-10-01 02:56:01.906000+00:00,26657.0,5.0
2018-10-01 02:56:02.958000+00:00,26656.0,5.0
2018-10-01 02:57:07.447000+00:00,26658.0,21.0
2018-10-01 02:57:07.798000+00:00,26654.0,10.0
2018-10-01 02:57:14.108000+00:00,26655.0,10.0
2018-10-01 02:57:16.909000+00:00,26654.0,10.0
2018-10-01 02:57:24.275000+00:00,26653.0,5.0
2018-10-01 02:57:25.682000+00:00,26655.0,21.0
2018-10-01 02:57:26.034000+00:00,26654.0,10.0
2018-10-01 02:58:00.393000+00:00,26655.0,10.0
2018-10-01 02:58:38.945000+00:00,26654.0,5.0
2018-10-01 02:59:03.482000+00:00,26655.0,5.0
2018-10-01 02:59:24.516000+00:00,26654.0,5.0
2018-10-01 02:59:31.525000+00:00,26656.0,21.0
2018-10-01 02:59:31.875000+00:00,26655.0,10.0
2018-10-01 02:59:43.090000+00:00,26654.0,10.0
2018-10-01 02:59:44.491000+00:00,26655.0,10.0
2018-10-01 02:59:57.463000+00:00,26654.0,10.0
2018-10-01 03:00:00.270000+00:00,26655.0,10.0
2018-10-01 03:00:07.634000+00:00,26656.0,10.0
2018-10-01 03:00:12.191000+00:00,26655.0,10.0
2018-10-01 03:00:14.994000+00:00,26656.0,10.0
2018-10-01 03:00:16.045000+00:00,26655.0,10.0
2018-10-01 03:00:24.802000+00:00,26657.0,21.0
2018-10-01 03:00:25.153000+00:00,26656.0,10.0
2018-10-01 03:00:47.587000+00:00,26657.0,10.0
2018-10-01 03:00:57.753000+00:00,26659.0,5.0
2018-10-01 03:00:58.809000+00:00,26658.0,10.0
2018-10-01 03:00:59.160000+00:00,26659.0,10.0
2018-10-01 03:01:07.923000+00:00,26660.0,10.0
2018-10-01 03:01:08.976000+00:00,26661.0,11.0
2018-10-01 03:01:19.847000+00:00,26660.0,11.0
2018-10-01 03:01:20.198000+00:00,26662.0,21.0
2018-10-01 03:01:20.548000+00:00,26661.0,10.0
2018-10-01 03:02:01.843000+00:00,26660.0,10.0
2018-10-01 03:02:09.556000+00:00,26661.0,10.0
2018-10-01 03:02:33.124000+00:00,26660.0,10.0
2018-10-01 03:02:34.178000+00:00,26661.0,10.0
2018-10-01 03:02:38.732000+00:00,26660.0,5.0
2018-10-01 03:02:40.836000+00:00,26659.0,10.0
2018-10-01 03:02:52.750000+00:00,26658.0,5.0
2018-10-01 03:02:54.856000+00:00,26659.0,10.0
2018-10-01 03:03:09.577000+00:00,26660.0,10.0
2018-10-01 03:03:10.627000+00:00,26659.0,10.0
2018-10-01 03:03:16.232000+00:00,26660.0,10.0
2018-10-01 03:03:20.088000+00:00,26659.0,10.0
2018-10-01 03:03:40.070000+00:00,26658.0,10.0
2018-10-01 03:03:59.703000+00:00,26657.0,10.0
2018-10-01 03:04:01.105000+00:00,26658.0,10.0
2018-10-01 03:04:02.861000+00:00,26657.0,10.0
2018-10-01 03:04:04.965000+00:00,26658.0,10.0
2018-10-01 03:04:18.636000+00:00,26659.0,11.0
2018-10-01 03:04:18.986000+00:00,26658.0,10.0
2018-10-01 03:04:20.738000+00:00,26657.0,5.0
2018-10-01 03:04:49.505000+00:00,26656.0,5.0
2018-10-01 03:04:59.670000+00:00,26657.0,5.0
2018-10-01 03:05:04.581000+00:00,26656.0,5.0
2018-10-01 03:05:16.506000+00:00,26657.0,5.0
2018-10-01 03:06:08.735000+00:00,26656.0,5.0
2018-10-01 03:06:13.989000+00:00,26657.0,5.0
2018-10-01 03:08:25.073000+00:00,26659.0,21.0
2018-10-01 03:08:25.424000+00:00,26658.0,10.0
2018-10-01 03:08:51.006000+00:00,26657.0,10.0
2018-10-01 03:09:10.628000+00:00,26656.0,10.0
2018-10-01 03:10:28.118000+00:00,26657.0,10.0
2018-10-01 03:10:43.130000+00:00,26659.0,16.0
2018-10-01 03:10:43.481000+00:00,26658.0,10.0
2018-10-01 03:10:57.848000+00:00,26657.0,10.0
2018-10-01 03:10:59.249000+00:00,26658.0,10.0
2018-10-01 03:11:00.301000+00:00,26657.0,10.0
2018-10-01 03:11:04.505000+00:00,26658.0,10.0
2018-10-01 03:11:06.260000+00:00,26657.0,5.0
2018-10-01 03:11:10.464000+00:00,26658.0,5.0
2018-10-01 03:11:40.672000+00:00,26657.0,5.0
2018-10-01 03:12:07.660000+00:00,26658.0,5.0
2018-10-01 03:12:26.586000+00:00,26660.0,21.0
2018-10-01 03:12:26.938000+00:00,26659.0,10.0
2018-10-01 03:13:18.832000+00:00,26660.0,10.0
2018-10-01 03:13:26.894000+00:00,26659.0,10.0
2018-10-01 03:13:29.699000+00:00,26660.0,10.0
2018-10-01 03:13:31.802000+00:00,26659.0,10.0
2018-10-01 03:13:36.355000+00:00,26660.0,10.0
2018-10-01 03:13:45.825000+00:00,26659.0,10.0
2018-10-01 03:13:50.733000+00:00,26658.0,10.0
2018-10-01 03:13:52.838000+00:00,26659.0,11.0
2018-10-01 03:13:53.190000+00:00,26658.0,10.0
2018-10-01 03:13:53.890000+00:00,26659.0,10.0
2018-10-01 03:15:02.607000+00:00,26661.0,21.0
2018-10-01 03:15:02.958000+00:00,26660.0,10.0
2018-10-01 03:15:04.359000+00:00,26659.0,5.0
2018-10-01 03:15:07.863000+00:00,26660.0,5.0
2018-10-01 03:15:27.146000+00:00,26662.0,5.0
2018-10-01 03:15:31.701000+00:00,26664.0,21.0
2018-10-01 03:15:32.051000+00:00,26663.0,10.0
2018-10-01 03:15:47.822000+00:00,26662.0,10.0
2018-10-01 03:15:51.328000+00:00,26663.0,10.0
2018-10-01 03:15:54.134000+00:00,26664.0,10.0
2018-10-01 03:15:55.885000+00:00,26663.0,10.0
2018-10-01 03:16:29.530000+00:00,26662.0,10.0
2018-10-01 03:16:30.580000+00:00,26663.0,10.0
2018-10-01 03:16:36.534000+00:00,26662.0,10.0
2018-10-01 03:16:44.911000+00:00,26661.0,5.0
2018-10-01 03:16:49.119000+00:00,26662.0,5.0
2018-10-01 03:16:49.469000+00:00,26660.0,5.0
2018-10-01 03:16:59.291000+00:00,26659.0,5.0
2018-10-01 03:17:06.300000+00:00,26660.0,5.0
2018-10-01 03:17:22.807000+00:00,26661.0,5.0
2018-10-01 03:17:29.116000+00:00,26662.0,5.0
2018-10-01 03:17:34.376000+00:00,26661.0,5.0
2018-10-01 03:17:43.489000+00:00,26660.0,5.0
2018-10-01 03:17:44.190000+00:00,26661.0,5.0
2018-10-01 03:18:11.570000+00:00,26660.0,5.0
2018-10-01 03:18:12.970000+00:00,26661.0,5.0
2018-10-01 03:18:15.073000+00:00,26660.0,5.0
2018-10-01 03:18:17.178000+00:00,26661.0,5.0
2018-10-01 03:18:19.280000+00:00,26660.0,5.0
2018-10-01 03:18:21.381000+00:00,26661.0,5.0
2018-10-01 03:18:23.834000+00:00,26660.0,5.0
2018-10-01 03:18:35.214000+00:00,26661.0,5.0
2018-10-01 03:18:40.124000+00:00,26657.0,5.0
2018-10-01 03:18:44.683000+00:00,26656.0,5.0
2018-10-01 03:18:45.033000+00:00,26657.0,10.0
2018-10-01 03:18:52.394000+00:00,26656.0,5.0
2018-10-01 03:18:53.796000+00:00,26657.0,5.0
2018-10-01 03:18:54.147000+00:00,26656.0,5.0
2018-10-01 03:19:04.314000+00:00,26657.0,5.0
2018-10-01 03:19:04.665000+00:00,26656.0,5.0
2018-10-01 03:19:06.767000+00:00,26657.0,5.0
2018-10-01 03:19:09.220000+00:00,26658.0,5.0
2018-10-01 03:19:10.271000+00:00,26657.0,5.0
2018-10-01 03:19:11.321000+00:00,26658.0,5.0
2018-10-01 03:19:13.424000+00:00,26657.0,5.0
2018-10-01 03:19:20.786000+00:00,26656.0,5.0
2018-10-01 03:19:47.442000+00:00,26658.0,21.0
2018-10-01 03:19:47.793000+00:00,26657.0,10.0
2018-10-01 03:20:01.811000+00:00,26658.0,10.0
2018-10-01 03:20:02.511000+00:00,26657.0,5.0
2018-10-01 03:20:04.616000+00:00,26659.0,21.0
2018-10-01 03:20:04.967000+00:00,26658.0,10.0
2018-10-01 03:20:20.453000+00:00,26657.0,5.0
2018-10-01 03:20:36.930000+00:00,26658.0,5.0
2018-10-01 03:20:40.434000+00:00,26659.0,5.0
2018-10-01 03:20:44.993000+00:00,26658.0,5.0
2018-10-01 03:21:13.745000+00:00,26657.0,5.0
2018-10-01 03:21:23.204000+00:00,26659.0,21.0
2018-10-01 03:21:23.554000+00:00,26658.0,10.0
2018-10-01 03:21:42.471000+00:00,26657.0,5.0
2018-10-01 03:22:22.985000+00:00,26656.0,10.0
2018-10-01 03:22:34.202000+00:00,26655.0,10.0
2018-10-01 03:22:44.370000+00:00,26654.0,10.0
2018-10-01 03:22:45.070000+00:00,26656.0,11.0
2018-10-01 03:22:54.183000+00:00,26655.0,11.0
2018-10-01 03:22:56.636000+00:00,26654.0,11.0
2018-10-01 03:22:58.037000+00:00,26655.0,11.0
2018-10-01 03:23:04.349000+00:00,26656.0,11.0
2018-10-01 03:23:04.699000+00:00,26655.0,11.0
2018-10-01 03:23:05.400000+00:00,26656.0,11.0
2018-10-01 03:23:08.202000+00:00,26655.0,11.0
2018-10-01 03:23:19.794000+00:00,26656.0,11.0
2018-10-01 03:23:21.545000+00:00,26655.0,11.0
2018-10-01 03:23:23.648000+00:00,26656.0,11.0
2018-10-01 03:23:24.699000+00:00,26655.0,11.0
2018-10-01 03:23:36.259000+00:00,26656.0,11.0
2018-10-01 03:23:43.116000+00:00,26655.0,11.0
2018-10-01 03:23:58.407000+00:00,26656.0,11.0
2018-10-01 03:23:58.756000+00:00,26655.0,11.0
2018-10-01 03:23:59.459000+00:00,26656.0,11.0
2018-10-01 03:24:07.873000+00:00,26655.0,11.0
2018-10-01 03:24:13.131000+00:00,26657.0,11.0
2018-10-01 03:24:16.288000+00:00,26658.0,11.0
2018-10-01 03:24:29.608000+00:00,26659.0,11.0
2018-10-01 03:24:32.412000+00:00,26657.0,10.0
2018-10-01 03:24:33.114000+00:00,26660.0,21.0
2018-10-01 03:24:33.464000+00:00,26659.0,10.0
2018-10-01 03:24:39.070000+00:00,26658.0,10.0
2018-10-01 03:24:39.420000+00:00,26659.0,10.0
2018-10-01 03:24:55.191000+00:00,26660.0,10.0
2018-10-01 03:24:57.293000+00:00,26661.0,11.0
2018-10-01 03:25:02.202000+00:00,26660.0,11.0
2018-10-01 03:25:28.492000+00:00,26659.0,11.0
2018-10-01 03:25:49.865000+00:00,26660.0,11.0
2018-10-01 03:25:55.472000+00:00,26661.0,11.0
2018-10-01 03:25:56.874000+00:00,26659.0,11.0
2018-10-01 03:26:07.392000+00:00,26661.0,11.0
2018-10-01 03:26:13.702000+00:00,26660.0,11.0
2018-10-01 03:26:17.909000+00:00,26661.0,10.0
2018-10-01 03:26:18.260000+00:00,26660.0,10.0
2018-10-01 03:26:23.517000+00:00,26661.0,10.0
2018-10-01 03:26:36.217000+00:00,26660.0,10.0
2018-10-01 03:26:38.673000+00:00,26661.0,10.0
2018-10-01 03:27:08.736000+00:00,26663.0,5.0
2018-10-01 03:27:15.744000+00:00,26664.0,10.0
2018-10-01 03:27:17.497000+00:00,26665.0,11.0
2018-10-01 03:27:17.846000+00:00,26664.0,10.0
2018-10-01 03:27:27.657000+00:00,26663.0,10.0
2018-10-01 03:27:29.760000+00:00,26664.0,10.0
2018-10-01 03:27:32.563000+00:00,26663.0,10.0
2018-10-01 03:27:40.276000+00:00,26662.0,5.0
2018-10-01 03:27:47.290000+00:00,26664.0,21.0
2018-10-01 03:27:47.642000+00:00,26663.0,10.0
2018-10-01 03:27:50.799000+00:00,26662.0,5.0
2018-10-01 03:27:52.202000+00:00,26663.0,10.0
2018-10-01 03:27:58.935000+00:00,26662.0,5.0
2018-10-01 03:28:02.440000+00:00,26663.0,10.0
2018-10-01 03:28:04.542000+00:00,26662.0,5.0
2018-10-01 03:28:05.245000+00:00,26663.0,10.0
2018-10-01 03:28:09.103000+00:00,26664.0,10.0
2018-10-01 03:28:13.312000+00:00,26665.0,10.0
2018-10-01 03:28:40.996000+00:00,26666.0,10.0
2018-10-01 03:28:48.002000+00:00,26665.0,5.0
2018-10-01 03:29:00.619000+00:00,26666.0,10.0
2018-10-01 03:29:09.729000+00:00,26665.0,10.0
2018-10-01 03:29:10.431000+00:00,26666.0,10.0
2018-10-01 03:29:13.585000+00:00,26665.0,5.0
2018-10-01 03:29:21.999000+00:00,26666.0,5.0
2018-10-01 03:29:22.349000+00:00,26665.0,5.0
2018-10-01 03:29:30.860000+00:00,26666.0,5.0
2018-10-01 03:29:46.987000+00:00,26665.0,5.0
2018-10-01 03:29:47.338000+00:00,26666.0,10.0
2018-10-01 03:29:59.957000+00:00,26667.0,10.0
2018-10-01 03:30:00.308000+00:00,26668.0,10.0
2018-10-01 03:30:01.013000+00:00,26669.0,21.0
2018-10-01 03:30:01.362000+00:00,26667.0,10.0
2018-10-01 03:30:02.064000+00:00,26666.0,10.0
2018-10-01 03:30:03.119000+00:00,26667.0,10.0
2018-10-01 03:30:09.428000+00:00,26668.0,10.0
2018-10-01 03:30:12.934000+00:00,26667.0,10.0
2018-10-01 03:30:13.285000+00:00,26668.0,10.0
2018-10-01 03:30:14.338000+00:00,26667.0,5.0
2018-10-01 03:30:15.039000+00:00,26668.0,10.0
2018-10-01 03:30:15.740000+00:00,26667.0,5.0
2018-10-01 03:30:24.147000+00:00,26669.0,21.0
2018-10-01 03:30:24.499000+00:00,26668.0,10.0
2018-10-01 03:30:33.271000+00:00,26667.0,10.0
2018-10-01 03:30:47.290000+00:00,26665.0,16.0
2018-10-01 03:30:47.640000+00:00,26664.0,10.0
2018-10-01 03:30:58.161000+00:00,26663.0,10.0
2018-10-01 03:31:09.024000+00:00,26662.0,10.0
2018-10-01 03:31:41.262000+00:00,26661.0,10.0
2018-10-01 03:31:48.972000+00:00,26662.0,10.0
2018-10-01 03:31:49.324000+00:00,26661.0,10.0
2018-10-01 03:31:55.281000+00:00,26660.0,10.0
2018-10-01 03:32:11.753000+00:00,26659.0,10.0
2018-10-01 03:32:17.709000+00:00,26660.0,10.0
2018-10-01 03:32:29.628000+00:00,26659.0,5.0
2018-10-01 03:32:33.137000+00:00,26660.0,5.0
2018-10-01 03:32:39.798000+00:00,26659.0,5.0
2018-10-01 03:32:55.217000+00:00,26660.0,5.0
2018-10-01 03:33:00.822000+00:00,26661.0,11.0
2018-10-01 03:33:02.226000+00:00,26662.0,11.0
2018-10-01 03:33:32.711000+00:00,26661.0,11.0
